3518 5356
164 343 225 398 457
665 325 805 380 llohertus
820 323 976 380 Personiur.
1413 341 1475 396 458

161 511 252 570 nius
263 507 286 590 ¹)
304 509 450 592 (Persons,
469 509 606 592 Persona)
625 511 657 574 S.
672 510 699 569 J.
715 511 811 587 patria
838 513 902 569 tur:
921 510 1055 586 ,Magnis
1065 509 1219 570 laboribus
1229 511 1365 570 instituit
1368 512 1476 586 juren-

164 600 404 668 somersetensis,
426 599 566 676 martyria
582 599 671 670 filius,
688 600 735 658 vir
750 619 811 658 nou
839 603 935 658 tutem
966 598 1090 675 Hispali,
1123 598 1297 669 vallisoleti,
1338 600 1476 670 Gadibus,

163 690 259 766 magis
276 689 411 748 doctrina
435 707 524 764 quam
541 689 702 765 prudentia
717 692 748 747 et
763 689 810 748 iu·
839 688 999 764 Olisipone,
1019 688 1119 757 Duaoi,
1131 687 1300 756 hadomari,
1319 689 1425 747 Romae
1435 733 1441 745 .
1453 733 1476 746 ..

164 779 308 856 tegritate
333 779 411 836 vitae
435 777 603 847 laudabilia,
625 777 677 852 qui
702 777 734 836 iu
749 778 810 836 Aa·
838 795 898 852 quo
914 776 1031 836 vindice
1048 780 1079 836 ct
1093 781 1218 853 patrono
1233 777 1368 836 veritatis
1384 777 1477 837 hosti·

159 868 224 944 glia
240 868 353 926 multos
376 886 393 925 a
416 865 576 926 catholicae
600 865 667 924 fidei
684 866 810 924 veritato
838 885 888 924 nm
912 866 1022 942 passim
1044 867 1194 942 exagitata
1214 867 1375 938 temeritas,
1392 865 1478 925 libris

164 957 338 1015 aberrantes
360 955 396 1013 ad
427 955 507 1014 riam
539 955 646 1014 salutis
677 954 809 1024 reduxit;
838 955 956 1030 scriptis
978 955 1231 1028 sermonibusque,
1258 953 1362 1024 literis,
1379 974 1477 1014 exem·

165 1045 309 1122 plurimos
327 1045 483 1104 catholicos
500 1043 691 1114 confirmarit,
715 1043 809 1102 inore·
838 1043 896 1119 plis
912 1043 1030 1102 defensa
1046 1043 1161 1120 religio,
1179 1047 1308 1102 recreata
1324 1043 1477 1115 sanctitas,

161 1133 272 1194 dibilea
298 1134 413 1193 labores
438 1132 571 1209 pertulit,
603 1133 682 1192 vitae
708 1133 810 1191 dison'·
837 1150 904 1190 curn
936 1132 1015 1190 inter
1039 1131 1111 1191 haec
1134 1133 1199 1208 ipse
1222 1133 1335 1192 nullam
1361 1136 1478 1209 caperet

165 1224 245 1282 mina
263 1241 473 1298 saepenumero
489 1221 592 1280 adivit.
625 1221 810 1297 Perquisitus
837 1225 954 1297 partem
970 1239 1123 1279 concessae
1133 1221 1253 1296 quistis,
1269 1222 1387 1280 nullum
1397 1243 1414 1281 a
1425 1241 1478 1282 suo

164 1312 200 1370 ad
217 1331 320 1371 necem
339 1314 370 1370 et
384 1309 521 1370 omnibus
537 1309 656 1370 indiciis
666 1315 756 1386 atque
764 1311 810 1368 in·
838 1310 933 1386 capite
948 1313 1100 1370 recusaret
1121 1309 1281 1368 discrimen
1303 1311 1479 1370 honestissi-

162 1403 272 1479 dogine
290 1401 469 1476 exploratus,
492 1399 629 1476 vestigiis
645 1399 809 1475 deprehen·
837 1417 901 1457 mae
917 1398 1106 1469 defensionis,
1124 1417 1240 1474 semper
1255 1403 1385 1474 paratus,
1403 1419 1479 1458 scm·

162 1508 226 1560 sus,
252 1489 410 1548 fraudibus
435 1489 655 1548 circumventus
680 1507 713 1547 ao
735 1507 810 1564 pene
838 1507 890 1564 per
905 1492 1030 1558 erectus,
1055 1506 1171 1566 semper
1190 1487 1316 1546 mediam
1331 1488 1478 1546 flammam

169 1580 205 1638 ab
222 1577 378 1637 haereticis
395 1579 499 1653 captus
515 1577 632 1636 divinae
648 1579 809 1652 protectio·
837 1577 1101 1652 periculosissimae
1123 1576 1348 1636 concertationis
1370 1577 1478 1636 irrum-

172 1667 221 1727 uis
237 1667 378 1726 beneficio
390 1685 477 1742 saepe
487 1666 630 1725 liberatus
640 1673 694 1736 est,
706 1671 741 1725 ut
751 1683 810 1726 non
837 1685 919 1742 pons,
936 1667 1052 1725 animae
1061 1685 1185 1744 magnac
1199 1665 1343 1742 prodigus
1359 1666 1478 1725 omnino

166 1757 396 1826 someltautum,
407 1754 460 1814 sed
469 1758 625 1832 postetam
634 1756 809 1831 ritumquo-
837 1756 884 1814 rir
899 1754 1016 1836 etc.¹).‘
1048 1756 1181 1814 Plurima
1207 1751 1302 1838 (ultra
1327 1751 1382 1836 40)
1408 1757 1479 1814 sunt

163 1845 321 1904 dammodo
348 1847 462 1920 martyr
484 1843 567 1903 fieret
587 1845 810 1922 multorumque
838 1843 971 1920 ejusdem
987 1845 1129 1920 opuscula
1144 1844 1294 1904 occasione
1310 1849 1478 1904 coutrover-

166 1939 332 2011 martyrum
348 1937 442 2010 pater,
462 1933 658 1993 collabantem
673 1937 739 1993 tota
749 1937 810 1994 An·
838 1933 1059 1994 siarumindics
1069 1934 1288 1994 occurrentium
1302 1934 1351 1991 vel
1361 1935 1478 2010 impug-

165 2023 226 2100 glia
241 2023 416 2099 religionem
441 2023 615 2082 catholicam
639 2023 758 2082 fulciret
780 2027 811 2082 et
838 2023 993 2082 nationum
1009 2023 1058 2082 rel
1073 2023 1286 2082 calumniarum
1304 2021 1478 2081 diffusarum

165 2114 228 2171 auis
245 2110 461 2188 quodammodo
485 2113 615 2172 humeris
638 2112 810 2172 sustineret.
838 2111 946 2188 partim
963 2113 1079 2188 anglice
1095 2105 1305 2191 conscripte2),
1323 2111 1478 2187 exquibus

167 2201 332 2260 Seminariu
354 2200 564 2259 catholicorum
587 2201 810 2260 adolescentum
837 2200 1005 2260 nominasse
1036 2199 1180 2259 sufficiat:
1212 2201 1255 2258 De
1282 2203 1478 2273 persecutione

165 2291 324 2368 auglorum
348 2289 455 2349 Romae
471 2307 505 2347 ac
520 2291 638 2350 Rhamis
661 2291 745 2366 prius
761 2290 808 2350 in·
838 2290 991 2367 anglicano
1007 2291 1034 2360 l.,
1059 2307 1118 2364 quo
1141 2289 1327 2364 explicantur
1342 2289 1477 2348 afflictio·

167 2381 283 2448 stituta‚
301 2397 338 2438 ne
354 2379 402 2437 uel
416 2379 547 2439 hostium
557 2379 625 2437 fidei
638 2380 754 2455 impetu
764 2382 809 2438 st·
837 2397 899 2448 nes,
916 2379 1107 2448 calamitates,
1125 2378 1273 2436 cruciatus
1296 2381 1326 2437 et
1350 2378 1478 2437 acerbis·

164 2487 224 2545 quc
241 2468 359 2527 insidiis
368 2467 544 2528 labefactata
561 2469 747 2528 conciderent
764 2469 811 2527 rel
838 2466 1478 2544 simamartyria,quaehnglicatholicinuno

165 2577 267 2617 rerum
294 2557 394 2633 inopia
408 2557 604 2627 tabescerent,
621 2557 751 2616 multum
767 2557 808 2616 le·
838 2557 875 2616 ob
891 2556 978 2616 fidem
993 2555 1161 2632 patiuntur,
1179 2556 1287 2615 Itomae
1301 2563 1382 2618 1582
1401 2556 1433 2615 in
1445 2565 1478 2628 83

164 2647 293 2716 borarit,
319 2651 350 2705 ct
375 2645 432 2705 alia
457 2645 615 2704 seminaria
639 2646 756 2722 Hispali
781 2648 812 2704 et
843 2646 1026 2718 Quaestionea
1040 2647 1123 2714 duce,
1140 2663 1267 2720 quarum
1287 2657 1312 2706 1.
1327 2649 1381 2715 est,
1394 2645 1477 2704 suli·

165 2736 283 2794 Pinciae
299 2735 331 2793 in
348 2735 499 2811 Hispania,
525 2737 557 2792 et
572 2736 650 2811 apud
668 2754 690 2794 s.
707 2735 809 2794 Audo-
839 2739 902 2794 caat
918 2733 1070 2794 catholicis
1098 2733 1261 2811 anglicanis
1284 2733 1373 2792 rebus
1390 2735 1431 2794 sic
1448 2753 1478 2792 so

164 2845 283 2884 marum
306 2823 436 2900 Philippi
452 2823 490 2881 ll.
507 2823 718 2900 Hispaniarum
732 2824 810 2900 regis
839 2823 1018 2883 habentibus
1041 2827 1072 2882 ct
1093 2823 1272 2900 magistratu
1286 2823 1406 2899 publico
1423 2823 1479 2882 sub

165 2913 308 2973 catholici
333 2911 513 2971 liberalitate
537 2911 658 2972 excitari
685 2913 811 2971 curarit.
838 2913 1024 2988 gravissimis
1040 2913 1143 2989 poeuis
1165 2912 1196 2971 id
1217 2912 1351 2988 exigente
1366 2917 1480 2988 protes·

165 3003 210 3061 ad
236 3003 311 3060 baec
341 3005 441 3060 autem
472 3001 611 3060 omnibus
642 3001 739 3070 animi,
764 3001 811 3060 in·
839 3001 971 3061 tantiam
987 3002 1126 3061 ecclesias
1148 3002 1196 3060 rel
1220 3020 1320 3077 preces
1338 3001 1433 3071 adirc;
1452 3011 1480 3064 2.

161 3092 247 3169 genii
280 3091 471 3166 corporisque
502 3089 622 3150 dotibus
646 3091 813 3150 instructus
839 3090 1481 3165 utrumnonsiprecibus,utrumconcionibus

163 3185 232 3240 erat
257 3179 341 3248 adeo,
366 3183 402 3237 ut
425 3180 472 3238 vir
496 3179 533 3237 cd
563 3180 708 3256 ejusmodi
734 3179 814 3238 bella
841 3181 946 3240 saltem
970 3180 1127 3239 haereticis
1152 3178 1188 3236 ad
1213 3180 1329 3238 easdem
1345 3179 1481 3236 vitandas

166 3287 250 3328 sacra
276 3286 310 3326 eo
333 3269 439 3326 melior
464 3269 562 3327 auimo
588 3271 618 3327 et
634 3269 814 3346 cogitatione
841 3287 949 3347 poenas
965 3269 1047 3328 licite
1062 3268 1180 3344 possint
1204 3267 1347 3326 interesse
1371 3284 1481 3341 easque

164 3358 241 3435 fingi
258 3357 308 3415 vix
324 3357 464 3432 potuerit.
489 3355 536 3415 ud
555 3357 643 3416 finem
660 3375 754 3433 usque
769 3360 813 3416 vi·
841 3357 959 3418 audire:
976 3358 1008 3416 in
1023 3359 1149 3431 utraque
1166 3357 1340 3430 quaestione
1350 3373 1418 3430 pars
1429 3374 1480 3413 ue·

162 3451 215 3506 tae
234 3442 302 3528 (15.
319 3451 389 3522 Apr.
409 3442 508 3527 1616)
524 3447 621 3506 totum
646 3465 678 3506 sa
699 3448 813 3523 impen-
841 3447 941 3525 getica
971 3446 1075 3504 multis
1107 3445 1291 3521 argumentis
1329 3444 1480 3513 asseritur,

163 3537 211 3595 dit
228 3543 322 3611 atquc
338 3533 576 3610 superimpendit
596 3535 686 3594 saluti
701 3536 815 3612 patriae
842 3535 1003 3595 hadomari
1030 3545 1132 3603 1607,
1164 3534 1199 3592 de
1225 3553 1284 3609 quo
1307 3535 1482 3611 argumento

164 3643 249 3684 suae.
282 3623 375 3682 nullis
406 3641 529 3698 parcens
568 3624 728 3693 laboribus,
760 3624 814 3683 iti·
842 3624 983 3684 disseruit
998 3641 1116 3698 quoque
1133 3623 1255 3699 anglice.
1285 3622 1340 3682 The
1356 3623 1438 3682 Book
1452 3623 1487 3696 of

162 3713 302 3782 neribus,
328 3711 485 3787 periculis:
515 3731 569 3772 neo
600 3713 696 3772 solnm
727 3731 815 3789 opere
843 3713 1006 3772 Resolution
1022 3730 1057 3770 cr
1075 3708 1221 3770 Christian
1237 3714 1399 3789 Directoers,
1425 3713 1481 3770 Ro·

165 3803 218 3861 sed
238 3805 270 3860 ct
297 3800 415 3872 calamo,
441 3801 522 3860 unde
547 3801 654 3860 merito
670 3801 706 3860 de
722 3819 755 3860 eo
772 3801 814 3860 af·
842 3801 954 3878 tomagi
976 3809 1067 3868 1583,
1095 3801 1265 3877 saepissime
1289 3803 1434 3876 variisque
1450 3801 1483 3858 in

161 3889 303 3950 firmavit
333 3889 493 3949 cardinalis
518 3891 645 3949 Alanus:
679 3891 731 3958 ,R
756 3891 813 3948 lto·
842 3891 914 3950 locis
932 3889 1044 3948 editum
1055 3893 1084 3948 et
1095 3890 1232 3949 inseriae
1251 3891 1370 3967 linguas
1386 3894 1482 3948 trans-

161 3981 246 4040 bcrti
273 3978 410 4038 Personii
449 3979 607 4048 industrie,
646 3979 813 4054 prudentia,
842 3981 952 4050 latum;
980 3981 1008 4036 A
1024 3981 1140 4038 trectise
1155 3980 1191 4053 of
1201 3979 1277 4037 three
1292 3981 1483 4036 conversiones

160 4071 259 4138 aelus,
290 4068 323 4126 in
354 4067 509 4128 scribendo
540 4072 570 4127 et
601 4069 714 4145 agendo
745 4068 814 4127 dex·
842 4069 1020 4147 canplund
1036 4071 1111 4143 from
1118 4069 1288 4143 paganismo
1298 4074 1325 4125 tc
1336 4065 1483 4125 Christian

162 4160 276 4218 teritos
305 4175 421 4216 omnem
448 4161 570 4233 superat
594 4157 710 4220 fidem‘
742 4157 815 4234 Hjus
843 4159 973 4236 Relipion
1006 4153 1078 4238 (scil.
1101 4156 1310 4232 Apostolorum
1340 4157 1482 4230 tempore,

162 4249 275 4308 merita
292 4252 323 4304 et
339 4247 469 4306 virtutes
485 4251 678 4306 recensentur
704 4247 736 4306 iu
751 4247 814 4323 epi·
843 4248 912 4306 dein
928 4247 984 4304 suh
1001 4245 1091 4304 Lucio
1117 4263 1185 4321 rege
1202 4247 1232 4304 ot
1249 4245 1420 4304 Eleutherio
1436 4261 1482 4302 ro·

161 4337 282 4414 taphio‚
293 4335 373 4410 quod
381 4337 446 4412 ejus
456 4339 647 4395 monumento
664 4337 696 4394 in
704 4336 815 4413 Anglo·
841 4385 1002 4396 ....-.

160 4446 232 4486 mm
255 4424 383 4502 ⁰⁰¹¹08i⁰
401 4424 507 4484 R⁰¹¹¹⁸⁰
523 4429 621 4486 θῖθθῗθ
637 4424 814 4501 i¹¹⁸⁰¹⁸il²l¹111¹
881 4455 901 4523 ι)
914 4451 1001 4505 Plura
1014 4451 1048 4504 de
1062 4451 1123 4519 ejus
1143 4449 1203 4504 vita
1222 4450 1378 4520 apostolica
1391 4449 1426 4506 cf.
1440 4467 1484 4519 ap¹

163 4516 308 4593 legimus,
326 4514 357 4572 in
374 4531 434 4589 quo
450 4513 530 4572 inter
545 4515 602 4573 alia
618 4515 689 4573 hacc
705 4513 815 4573 haben·
842 4522 1012 4577 Juvencium
1027 4522 1098 4574 Hist.
1112 4520 1171 4574 Soc.
1185 4521 1210 4574 J.
1223 4540 1250 4590 p.
1264 4522 1366 4579 olis.
1378 4525 1485 4588 §Sbsaz

844 4594 963 4657 Tanner,
977 4592 1101 4647 Societas
1113 4593 1167 4646 Jes.
1188 4592 1379 4662 apostolorum
1393 4593 1486 4646 imitu-

843 4665 1123 4735 mpMmm

202 4745 223 4810 ¹)
239 4736 389 4806 Distingui
414 4736 476 4806 ipse
502 4736 586 4791 debat
610 4753 627 4790 a
654 4737 815 4792 doctissimo
884 4737 958 4799 ’1,οἰ
979 4735 1186 4805 Sommerrogel
1207 4735 1253 4808 Vl,
1273 4739 1415 4792 aea-319
1434 4735 1486 4787 snb

160 4811 279 4864 ,Ioanne
297 4807 408 4862 Pears
417 4823 433 4862 ο
442 4807 505 4861 uio
518 4807 670 4880 (Petronio)
684 4807 815 4878 episcopo
845 4826 873 4862 n.
886 4814 937 4868 49;
949 4806 1120 4876 Roalroratuy
1135 4807 1168 4870 ll,
1181 4809 1248 4866 530:
1262 4805 1364 4860 Gillow
1377 4807 1410 4870 V,
1424 4809 1487 4860 873-

162 4883 323 4953 anglicano
336 4879 481 4934 cestriensi
495 4887 517 4945 (1
530 4881 618 4949 1686).
847 4883 908 4938 287.
