3510 5358
285 286 342 340 131
482 271 669 327 1564-1580.
683 267 780 325 Theol.
792 269 926 338 practica.
940 268 1061 334 Schenk,
1076 265 1241 334 bladridius,
1255 267 1385 323 Polanco.
1527 286 1586 340 132

280 456 323 514 tio
338 455 440 531 Epona
456 454 658 514 controversia
673 455 777 514 oborta
792 459 845 514 est.
862 454 917 514 Ju-
946 455 1045 513 bellus
1061 455 1095 513 de
1108 455 1254 535 frequenti
1275 473 1331 514 555
1351 457 1526 514 sacramenti
1540 474 1587 513 eu-

278 544 361 604 55515
388 553 428 607 20
455 563 600 604 annorum
630 544 821 604 Aristotelem
851 563 918 604 oum
946 545 1111 619 charistiae,
1127 543 1250 619 Neapoli
1271 553 1364 614 1556,
1381 562 1467 620 55555
1483 543 1588 604 deinde

279 633 387 708 plausu
402 633 567 709 explicavit,
584 635 616 692 51
632 632 752 708 quidem
768 633 917 709 stupenti·
946 633 1057 710 prodiit
1087 633 1178 692 simul
1209 651 1276 692 cnm
1314 633 1433 710 egregio
1464 632 1588 692 Joannis

274 721 331 780 bus
348 722 535 782 auditoribus
552 741 663 800 graece,
680 722 750 781 dein
761 723 813 798 jus
829 740 917 782 cano·
948 722 1109 782 Polanci
1125 723 1152 784 S.
1168 721 1196 784 J.
1212 723 1365 780 directa-io
1380 722 1462 782 brevi
1473 721 1509 782 ad
1520 741 1587 781 con-

277 811 377 870 nicum
401 812 434 868 in
448 812 608 871 academia
632 811 806 881 lovaniensi,
833 812 919 888 cujus
945 811 1060 871 tessarii
1076 831 1109 870 ao
1121 811 1292 874 ,5551155115
1307 829 1417 870 munus
1431 814 1510 870 recte
1520 811 1587 870 obe-

276 901 372 959 taotus
388 903 435 959 est
448 903 552 960 rector.
578 900 719 960 Pluribus
734 900 849 959 ditatus
872 902 919 960 est
946 900 1077 971 undum;
1100 900 1212 977 prodiit
1234 901 1290 958 hoe
1311 900 1443 975 primum
1467 900 1588 960 Lovanii

273 988 424 1048 beneficiis
440 989 654 1049 ecclesiasticis.
670 989 918 1048 Mantaturbatus
954 999 1033 1052 1551
1060 992 1090 1048 51
1114 989 1284 1065 saepissime
1309 989 1391 1059 alibi,
1417 989 1535 1064 fuitque
1558 989 1588 1048 in

274 1078 352 1137 tame
384 1096 416 1138 se
440 1079 559 1138 enecuit
586 1087 635 1140 29.
660 1077 740 1155 Sept.
766 1087 919 1142 1515.-
946 1078 1021 1137 alias
1046 1097 1165 1138 versum
1187 1079 1314 1156 linguas.
1340 1078 1430 1138 Porro
1456 1078 1502 1138 1ο.
1520 1079 1588 1137 Ρο-

275 1168 405 1227 Joannes
427 1168 512 1226 Ram
528 1187 556 1226 n.
576 1177 624 1230 28.
641 1166 725 1226 Febr.
745 1175 838 1238 1535,
861 1168 918 1226 ho·
946 1169 1058 1226 laneo
1077 1168 1240 1244 Burgensis
1256 1185 1285 1226 n
1307 1175 1388 1230 1516
1410 1167 1519 1228 Romae
1542 1186 1588 1228 so·

275 1255 356 1315 venii
367 1256 446 1332 juris
460 1256 608 1331 professor
625 1253 657 1338 (†
670 1254 917 1336 25.N0v.1518)‚
946 1257 1083 1316 oietatem
1108 1256 1183 1316 Jesu
1204 1257 1358 1333 ingressus
1382 1259 1428 1316 est
1452 1275 1477 1317 a.
1504 1266 1584 1319 1541

277 1344 371 1404 edidit
395 1347 585 1404 oeconomiam
610 1363 662 1404 seu
693 1345 918 1422 dispositionem
946 1349 1035 1421 atque
1051 1344 1323 1405 fructuosissimum
1332 1363 1395 1404 sese
1407 1345 1439 1404 in
1449 1345 1588 1404 omuibus

277 1435 450 1511 regularum
489 1435 648 1510 utriusque
677 1435 763 1510 juris,
795 1433 919 1493 Lovanii
946 1453 1039 1495 novae
1064 1434 1229 1494 sodalitatis
1254 1434 1422 1510 operarium
1445 1425 1588 1493 exhibuit.

281 1531 374 1594 1557,
386 1527 417 1582 51
432 1525 669 1582 commentorium
684 1524 871 1583 mettodieum
881 1523 918 1582 ad
945 1523 1052 1582 Tribus
1068 1541 1198 1599 namque
1207 1523 1385 1599 praepositis
1398 1523 1588 1600 generalibus

270 1611 349 1687 juris
364 1613 522 1688 iitriusqne
537 1613 667 1689 regulas,
685 1612 724 1671 ib.
745 1623 824 1675 1641
846 1613 878 1671 in
890 1622 917 1674 4.
946 1631 968 1672 s.
993 1613 1110 1688 ignatio
1135 1612 1286 1682 nimirum,
1309 1611 1370 1670 dae.
1395 1612 1498 1672 hainio
1521 1615 1588 1670 ets.

274 1734 318 1744 -
345 1701 512 1760 Fridericus
544 1702 697 1762 Schenlr
726 1701 763 1760 de
787 1702 917 1760 Ponten·
945 1702 1100 1761 Francieco
1115 1701 1243 1778 Borgiae
1258 1721 1276 1760 a
1292 1701 1420 1773 secretis,
1438 1701 1589 1761 aconsilio

276 1789 367 1848 borch
376 1786 398 1870 ¹)
426 1791 547 1867 juvenis
583 1801 628 1854 11-
649 1810 675 1849 a.
696 1791 775 1866 juria
806 1790 917 1862 doctor,
946 1793 976 1849 51
1000 1794 1036 1849 ut
1058 1790 1117 1848 dici
1149 1791 1225 1849 solet
1248 1808 1300 1867 pes
1324 1792 1355 1850 et
1384 1808 1490 1850 manus
1522 1790 1588 1848 fnit.

277 1881 308 1937 et
325 1887 365 1941 22
384 1897 530 1938 annorum
553 1880 657 1940 carolo
673 1880 774 1954 Vjam
790 1900 807 1938 a
822 1898 916 1939 sacre·
945 1880 1066 1938 11155155
1082 1881 1127 1938 551
1142 1879 1270 1938 vicarius
1280 1879 1426 1956 generalis
1437 1879 1588 1939 societatis

274 1968 322 2038 tis,
349 1967 417 2026 dein
447 1987 566 2044 praeses
597 1987 728 2028 camerae
758 1968 918 2046 imperialis
945 1968 1026 2038 lesu,
1043 1967 1231 2044 provincialis
1248 1967 1366 2026 Siciliae
1381 1967 1439 2028 tuit
1461 1971 1492 2027 et
1515 1967 1590 2027 obiit

276 2055 386 2132 Spirae.
404 2056 460 2116 Sed
473 2075 583 2117 memor
596 2058 680 2116 illius
706 2058 818 2126 ,Exeat
839 2058 916 2128 aula,
948 2066 997 2122 21.
1015 2059 1081 2116 Dec.
1101 2066 1162 2120 157
1168 2057 1379 2132 7.(1555555511
1388 2057 1477 2116 etiam
1487 2057 1588 2116 utilis·

276 2145 329 2221 qui
353 2146 421 2205 vult
445 2164 512 2206 esse
536 2147 637 2222 piua‘
663 2147 769 2206 relicta
794 2147 861 2206 aula
887 2151 918 2206 et
947 2147 1052 2206 simam
1077 2147 1237 2205 5551551555
1262 2145 1299 2205 ad
1323 2165 1371 2206 eos
1400 2145 1587 2222 adjuvandos,

276 2234 358 2294 55515
396 2234 492 2295 factus
530 2239 576 2296 est
621 2235 765 2307 sacerdos,
797 2235 917 2295 demum
946 2236 999 2311 qui
1014 2235 1193 2306 moriuntur,
1210 2254 1244 2294 ex
1267 2234 1466 2310 complurium
1489 2235 1587 2295 docto-

275 2323 516 2402 arohiepiscopus
538 2325 773 2402 ultrajectensis
806 2320 836 2408 (†
867 2333 917 2387 25.
945 2343 1011 2384 rum
1044 2343 1078 2384 55
1100 2324 1218 2400 piorum
1241 2325 1417 2399 scriptorum
1442 2323 1494 2383 diu
1520 2323 1588 2383 diu·

275 2413 354 2489 Aug.
374 2409 480 2495 1580).
496 2414 667 2490 Composuit
686 2417 806 2490 praeter
828 2433 918 2490 opera
946 2417 1096 2489 tunsoque
1112 2431 1169 2472 usu
1195 2417 1226 2473 et
1250 2412 1458 2473 observatione
1483 2414 1588 2473 collec-

272 2497 429 2583 juridica²)
463 2503 655 2562 115511νί5155
680 2503 743 2562 veri
770 2503 918 2578 praesulis
944 2507 1016 2572 tam,
1041 2504 1202 2561 Maceratae
1230 2509 1311 2564 1575
1337 2503 1368 2561 51
1388 2501 1460 2560 alibi
1476 2503 1587 2579 saepis-

274 2590 335 2649 5155
358 2589 394 2650 de
419 2591 514 2651 officio
540 2590 710 2666 episcopali,
736 2591 917 2668 Antverpiae
946 2592 1027 2661 sime,
1049 2610 1124 2666 quae
1146 2592 1179 2650 in
1204 2591 1299 2652 555155
1324 2609 1443 2666 quoque
1467 2591 1587 2668 linguas

277 2687 360 2742 1525
395 2675 426 2760 (i.
462 2675 576 2760 1552);
607 2681 642 2738 de
666 2682 855 2740 aquatissimo
879 2698 916 2741 sa.
944 2679 1004 2739 fuit
1013 2698 1105 2743 veisa.
1122 2680 1190 2739 11115
1200 2679 1333 2756 ejusdem
1350 2698 1439 2754 opera
1453 2683 1589 2739 recenter

275 2769 435 2844 1555515555
450 2788 505 2828 usu
516 2769 547 2827 in
557 2769 688 2828 Ecclesia
698 2769 916 2828 Christicatho·
944 2769 1026 2828 fuere
1043 2768 1586 2847 55111551111515551115551555551

275 2856 332 2914 lica
342 2856 419 2926 l.‚ib.
433 2867 533 2928 1567;
549 2858 622 2916 Aeta
638 2875 714 2916 rone.
725 2855 917 2931 provincialis
945 2858 1095 2917 societatis
1105 2858 1382 2928 155511111515111
1393 2869 1402 2920 1
1412 2867 1586 2930 sas-189&

274 2945 450 3018 trajectenis
465 2966 489 3004 a
510 2956 592 3009 1565
610 2947 641 3006 in
657 2947 803 3006 Heusseni
827 2947 915 3006 Bata·
945 2947 1093 3023 Epistolae
1115 2947 1168 3006 IV
1192 2947 1229 3006 de
1251 2947 1305 3005 Pio
1327 2948 1362 3007 V.
1385 2947 1529 3023 leguntur
1555 2947 1588 3006 in

276 3034 324 3095 via
341 3052 421 3093 sacra
437 3055 464 3111 p.
483 3045 500 3098 2
518 3054 584 3112 pag.
598 3045 648 3098 25.
660 3069 701 3079 -
714 3035 916 3111 Necpraeter-
945 3037 1030 3096 Anal.
1047 3036 1118 3096 boll.
1137 3036 1191 3095 111
1208 3031 1332 3118 (1888),
1345 3044 1495 3106 46-73;
1512 3037 1588 3096 aliae

276 3123 441 3183 mittendus
467 3125 586 3184 videtur
610 3125 716 3184 Daniel
747 3125 917 3184 Veneta·
946 3125 969 3183 V
986 3126 1018 3184 in
1038 3125 1213 3184 2511551151.
1231 3125 1259 3182 k.
1277 3125 1376 3184 Theol.
1394 3124 1443 3194 IX,
1468 3133 1530 3188 310
1549 3143 1587 3184 ss.

274 3213 360 3272 rius
376 3214 551 3285 Germanus,
569 3213 621 3290 qui
629 3214 847 3288 juriaccuoue'ee'
859 3233 915 3272 me-
945 3214 1115 3273 Industriae
1131 3213 1167 3272 od
1184 3233 1272 3273 usum
1282 3214 1507 3287 doctrinamque
1518 3231 1587 3288 ope·

275 3303 418 3362 1155555
443 3303 681 3364 dilucidationem
699 3313 715 3366 5
738 3303 769 3362 11.
795 3302 917 3362 distinc·
945 3303 1090 3363 rariorum
1108 3321 1141 3362 ao
1156 3302 1410 3364 missionariorum
1432 3303 1588 3362 cracoviae

277 3395 339 3450 tam
355 3391 457 3464 edidit,
470 3412 528 3468 qua
538 3393 594 3452 sub
604 3392 704 3451 titulis
721 3392 916 3452 decretalium
947 3401 1041 3456 1883.
1064 3392 1131 3469 lpse
1147 3390 1237 3452 vertit
1253 3393 1345 3450 latine
1360 3392 1587 3451 constitutiones

275 3481 469 3556 antiquarum
485 3481 916 3558 succincteatperspicueoon·
945 3481 971 3540 S.
999 3482 1025 3540 J.
1055 3501 1071 3540 5
1096 3501 1118 3544 5.
1143 3481 1260 3558 Ignatio
1278 3481 1442 3540 elaboratas
1467 3476 1588 3562 (Romae

276 3570 391 3628 tinetur
416 3569 563 3645 quidquid
582 3570 614 3628 in
636 3570 842 3640 decretalibus,
865 3571 916 3630 de·
950 3565 1055 3651 1559).
1081 3604 1123 3615 ·-
1146 3570 1270 3630 Thomas
1293 3569 1467 3629 Meroado
1485 3569 1588 3646 hispa-

276 3659 364 3717 cretis
390 3660 420 3716 et
444 3660 509 3716 toto
529 3660 598 3734 jure
621 3659 772 3735 pontificio
790 3659 917 3736 sparsim
944 3659 1035 3719 lensia
1052 3660 1156 3719 1155151
1172 3659 1304 3719 ordinem
1328 3677 1349 3718 s.
1372 3657 1518 3717 Dominici
1543 3661 1587 3717 est

273 3747 412 3818 traditur,
437 3746 559 3823 adjectis
582 3747 710 3824 singulis
732 3748 832 3807 titulis
849 3767 915 3825 pro·
944 3747 1587 3826 ingressus,magnoprofectuinilliusurhis

275 3837 351 3912 priis
382 3836 579 3896 axiomatibus
609 3840 640 3896 ct
665 3836 820 3897 sententiis
852 3841 915 3906 eto,
945 3837 1052 3896 studiis
1083 3837 1168 3896 dedit.
1197 3856 1324 3914 operam.
1355 3836 1391 3894 In
1413 3835 1587 3912 Hispaniam

276 3926 449 4001 Moguntiae
493 3935 594 3996 15793
640 3937 738 3998 1596;
777 3925 917 4003 Lugduni
944 3926 1093 4002 profectus
1109 3927 1197 4002 plura
1213 3925 1391 4002 operaprelo
1407 3925 1544 4000 subjecit,
1555 3925 1587 3984 iu

279 4025 372 4076 1604.
944 4015 1046 4073 reditu
1060 4034 1130 4075 vero
1139 4019 1257 4092 portum
1268 4013 1453 4074 aeternitatis
1462 4014 1588 4073 intravit

935 4123 1066 4179 ‚corpore
1082 4106 1113 4164 in
1129 4103 1204 4163 mari
1222 4105 1341 4180 sepulto
1356 4123 1381 4162 a.
1397 4113 1488 4167 1575.
1504 4103 1588 4162 Inter

322 4200 372 4254 62.
389 4193 431 4250 De
447 4194 596 4270 theologia
611 4194 716 4251 morali
728 4195 758 4251 et
769 4193 917 4266 postorali
945 4193 997 4251 1115
1014 4198 1100 4252 sunt:
1118 4195 1209 4252 Sumo
1226 4195 1260 4253 de
1280 4194 1384 4252 Tretos
1399 4212 1417 4270 y
1431 4199 1586 4266 coutratoa,

277 4281 461 4357 scripserunt
477 4280 916 4358 christophoruslindridius
945 4282 1139 4342 salmanticae
1159 4291 1241 4345 1569
1259 4283 1290 4340 in
1308 4289 1343 4351 43
1366 4281 1481 4357 Hispali
1502 4290 1580 4345 1571

275 4369 302 4428 S.
328 4369 355 4428 J.
381 4372 528 4430 toletanae
554 4370 702 4438 dioecesis,
728 4371 916 4447 praepositus
946 4372 976 4429 11.
1003 4369 1043 4430 1¹1
1069 4371 1295 4449 comprehensa3
1325 4371 1531 4429 Commentarii
1555 4371 1587 4428 in

277 4460 380 4518 domus
410 4460 559 4535 professae
590 4477 728 4519 romanae
758 4465 787 4518 et
812 4459 916 4520 Italiae
944 4464 1060 4519 textum
1087 4460 1192 4520 Petri
1217 4459 1405 4535 Hispalensis
1428 4478 1481 4518 seu
1505 4478 1586 4518 sum·

274 4547 414 4608 assistens
437 4543 467 4629 (1
488 4559 533 4612 13.
550 4549 626 4626 Aug.
649 4543 754 4630 1573),
779 4549 864 4626 cujus
880 4549 915 4607 li·
944 4551 1052 4619 mulas,
1069 4550 1108 4608 ih.
1130 4560 1221 4613 1571.
1234 4583 1273 4592 -
1285 4549 1329 4608 De
1339 4549 1467 4608 Covutiia
1482 4547 1585 4624 dispu-

944 4639 1022 4698 tavit
1037 4639 1184 4698 Fabianus
1202 4638 1390 4697 Cluverius
1408 4636 1439 4695 0.
1456 4636 1483 4696 S.
1500 4639 1585 4712 Aug„

313 4757 332 4823 ι)
345 4755 386 4810 pf·
401 4753 517 4808 Schulq,
530 4759 555 4816 3³
568 4758 630 4813 581,
944 4727 1090 4803 patricius
1107 4728 1276 4804 genuensis,
1298 4727 1350 4803 qui
1366 4727 1456 4786 variis
1472 4726 1504 4786 in
1520 4729 1584 4784 stu·

315 4831 335 4896 ²)
350 4825 646 4896 6115555555311.
946 4817 1001 4876 diis
1027 4817 1087 4875 tuit
1111 4817 1278 4894 theologiae
1300 4817 1395 4876 lector
1423 4817 1454 4874 et
1480 4833 1585 4892 regens
