3518 5356
160 286 222 340 529
743 263 885 316 Barouius.
1406 271 1467 326 530

154 453 414 513 comminationem
438 470 503 510 euni
529 450 609 510 filius
627 448 798 525 despiceret,
810 448 815 506 1
827 445 919 522 patris
936 444 1054 503 demum
1070 442 1203 500 animum
1218 439 1398 508 immutavit,
1423 439 1468 516 ip-

155 546 202 601 est
218 543 305 602 etiam
317 546 482 600 exsecutus.
505 539 609 599 Verum
621 539 720 596 divina
730 554 799 612 pro·
827 552 952 610 sumque
968 533 1041 592 adeo
1058 531 1094 590 ad
1109 531 1250 607 pietatem
1267 529 1407 600 excoluit,
1434 531 1469 586 ut

155 631 290 690 videntia
307 633 444 701 iuvenem
466 633 621 688 streuimm
639 646 698 686 nou
715 627 799 684 dere·
827 623 1012 682 infirmorum
1023 639 1054 680 se
1064 619 1238 694 manciparit
1249 637 1343 677 curae.
1361 617 1469 676 Totum

156 721 266 796 liquit:
284 739 352 778 eum
371 719 448 778 euim
471 716 799 776 contiuquieaelPa·
828 731 859 770 se
877 713 979 770 volens
996 712 1056 769 Deo
1072 727 1249 776 consecrare,
1261 711 1468 782 votapauper·

156 809 316 876 ravicinus,
333 809 381 865 vir
398 808 521 876 nobilis,
539 807 571 866 iu
588 804 798 880 aedesrecepit,
827 802 899 860 tatis
915 804 946 859 et
961 799 1147 859 obedientiae
1162 797 1270 866 emisit,
1286 797 1355 855 lieet
1365 815 1386 854 s.
1398 795 1468 854 Phi-

156 905 186 958 et
196 897 388 973 quasifilium
405 901 469 956 toto
485 899 545 955 fera
556 895 711 972 septennio
726 894 799 951 libe·
829 889 1021 966 lippueuulla
1035 889 1066 946 iu
1082 906 1135 947 sua
1149 885 1376 962 congregatione
1383 903 1468 960 prae·

155 989 260 1046 raliter
276 987 352 1046 aluit
362 981 391 1068 ¹).
408 986 560 1046 aicae-ar
574 993 608 1044 ut
625 983 799 1043 beneficium
828 979 979 1055 scripserit
993 981 1069 1036 vota.
1093 976 1300 1034 Maximorum
1318 973 1469 1034 alacritate

157 1077 309 1152 obsequiis
319 1079 530 1150 compensaret,
546 1073 710 1132 Paravieini
724 1072 800 1130 filios
827 1087 950 1127 munera
966 1067 1069 1126 obibat
1084 1064 1254 1143 domestica,
1264 1063 1390 1122 humilia
1399 1062 1469 1120 licet

156 1161 187 1248 (e
198 1166 310 1240 quibus
321 1165 463 1224 Octavius
481 1172 555 1223 natu
566 1167 659 1238 major
668 1165 799 1238 postmo·
827 1161 917 1233 atque
957 1156 1118 1216 laboriosa:
1157 1153 1309 1212 ecclesiam
1344 1169 1468 1220 verrere,

157 1255 227 1312 dum
246 1273 263 1312 s
280 1255 422 1330 Gregorio
439 1253 511 1315 XIV.
534 1273 558 1311 a
580 1263 655 1316 1591
677 1250 713 1309 ad
729 1269 799 1325 pur·
828 1263 968 1305 exornare
978 1245 1092 1314 altaria,
1104 1260 1263 1318 campanas
1273 1241 1401 1317 pulsare,
1413 1259 1467 1298 cu·

154 1363 260 1420 puram
280 1347 453 1418 assumptus
470 1339 529 1420 est)
552 1341 587 1400 ad
605 1359 721 1398 omnem
739 1340 799 1414 pie·
828 1336 919 1394 liiiam
937 1333 1146 1392 administrare
1163 1336 1219 1394 etc.
1244 1333 1277 1389 in
1302 1330 1416 1390 deliciis
1441 1329 1468 1388 ei

152 1437 250 1492 tatem
267 1451 299 1489 ac
315 1431 489 1508 religionem
511 1429 688 1489 informarit.
720 1428 799 1488 Soci·
828 1427 922 1492 erant,
939 1423 1090 1498 animique
1107 1421 1292 1496 voluptatem
1318 1437 1468 1494 expresse·

155 1541 205 1580 um
222 1521 345 1580 iuterim
356 1539 386 1580 se
403 1521 433 1580 iii
444 1521 579 1580 omnibus
597 1520 718 1595 pietatis
729 1535 799 1593 ope·
828 1519 875 1572 rat
891 1514 944 1572 liae
960 1511 1153 1587 inscriptione
1171 1527 1256 1568 muro
1272 1508 1372 1566 affixa:
1390 1508 1467 1573 ,Gae-

157 1611 242 1668 ribus
264 1610 401 1686 adjunxit
426 1629 449 1672 s.
467 1610 601 1685 Philippo
620 1608 715 1671 Nerio,
741 1625 800 1681 quo
828 1621 875 1660 sar
892 1601 1035 1660 Batonius
1051 1617 1164 1676 coquus
1186 1602 1367 1675 perpetuus:
1398 1597 1469 1655 Post

151 1699 280 1775 jubente
304 1699 373 1757 licet
397 1699 528 1758 noudum
554 1699 677 1756 clericus
700 1703 730 1753 et
752 1695 798 1754 vix
828 1711 849 1750 s.
873 1691 1004 1766 Philippi
1028 1690 1120 1758 Nerii,
1145 1687 1313 1746 fundatoris
1330 1685 1467 1755 Oratorii,

154 1807 249 1847 annos
273 1795 362 1846 natus
385 1789 494 1866 viginti
516 1787 734 1846 exhortationes
750 1785 799 1842 ha·
827 1785 952 1840 mortem
970 1779 1102 1838 omnium
1114 1777 1259 1836 sodalium
1271 1775 1420 1852 suffragiis
1437 1775 1469 1832 iu

155 1878 226 1936 buit
249 1879 286 1935 sd
313 1877 456 1954 populum
482 1881 566 1935 tanta
590 1877 619 1934 vi
636 1879 725 1950 atque
741 1891 799 1932 uu·
827 1869 1028 1945 praepositum
1044 1869 1156 1927 electus
1173 1867 1237 1925 fuit.
1269 1867 1340 1924 Cum
1358 1881 1467 1932 omues,

156 1967 267 2031 ctione,
285 1971 320 2026 ut
336 1983 415 2025 uuus
432 1985 448 2025 e
463 1966 567 2042 primis
584 1962 798 2041 aulaepoutifi-
827 1958 890 2034 ipse
920 1958 1061 2034 pontifex,
1082 1956 1129 2024 ,de
1160 1955 1214 2014 lise
1245 1954 1469 2031 gratularentur

152 2057 219 2114 cias
234 2056 374 2132 praelatis
391 2073 458 2114 eum
476 2055 539 2114 aliis
563 2053 672 2113 inundo
689 2052 797 2110 valedi-
827 2047 980 2113 electione,
997 2047 1061 2121 ipse
1078 2045 1158 2104 soliis
1183 2044 1335 2102 moerebat
1359 2040 1467 2100 animi·

155 2147 242 2202 xerit.
269 2144 407 2204 Sacerdos
431 2145 527 2202 factus
548 2143 675 2220 triginta
691 2147 721 2200 et
737 2161 799 2200 am·
827 2155 885 2211 que
900 2137 1031 2194 dolorem
1057 2134 1136 2192 hisce
1152 2132 1188 2190 sd
1205 2131 1320 2191 sodales
1336 2130 1467 2206 uespoli·

154 2235 237 2308 plius
253 2251 346 2292 annos
361 2233 393 2292 in
404 2233 637 2293 confessionibus
652 2231 799 2308 exeipieu-
827 2233 911 2284 tanos
927 2224 1007 2283 datis
1024 2222 1119 2280 literis
1141 2221 1321 2280 testabatur:
1354 2217 1468 2288 ,Versa

153 2321 213 2380 diis
223 2323 341 2397 piisque
350 2323 591 2381 sermonibuster
598 2325 628 2380 et
636 2323 740 2395 quater
747 2339 800 2395 per
827 2319 872 2372 est
888 2315 920 2371 in
936 2314 1016 2372 lucta
1031 2311 1143 2369 cithare
1166 2329 1238 2376 mea,
1264 2309 1335 2386 quia
1350 2308 1467 2384 suscepi

156 2411 372 2470 hebdomadam
411 2412 553 2470 habendis
583 2409 798 2486 infatigabilem
827 2403 863 2462 de
879 2419 969 2460 mauu
985 2401 1100 2459 Domini
1117 2399 1247 2475 duplicia
1271 2399 1468 2474 propeccatis

152 2519 275 2576 operam
307 2497 429 2580 dedit2),
469 2501 672 2577 gravibusque
703 2499 799 2556 literis
828 2491 899 2549 meis
911 2493 998 2567 juxta
1013 2490 1081 2548 illa:
1099 2489 1468 2564 Duplirirontritr'onecon·

156 2625 263 2632 υ-
273 2625 319 2631 -
828 2588 885 2640 tere
900 2599 946 2638 eos
962 2579 1032 2656 (Jer.
1055 2587 1102 2648 17,
1118 2573 1200 2658 18).‘
1218 2575 1469 2652 Occupationibus

163 2747 166 2754 ,
195 2694 215 2750 ι)
228 2686 271 2741 Ex
293 2686 388 2742 mutia
409 2688 514 2750 autem
537 2703 610 2756 quae
629 2687 734 2741 ibidem
754 2688 800 2756 pie
828 2669 932 2728 multis
956 2669 1027 2727 licet
1043 2668 1191 2726 distentus
1217 2666 1351 2742 quottlie
1367 2665 1470 2724 adibat

151 2774 188 2813 ac
201 2759 386 2841 laetabiliter
399 2757 494 2839 gessit,
508 2758 582 2812 illud
592 2759 800 2828 referturprae-
828 2759 998 2833 sepulcrum
1014 2757 1156 2834 principis
1174 2755 1375 2832 apostolorum
1384 2755 1468 2832 inge-

152 2829 801 2899 elanssimum,quodvidensseminutlssquas·
827 2847 945 2906 minans
977 2845 1081 2904 verba:
1115 2845 1259 2914 ,Domine
1290 2849 1325 2902 ug
1349 2843 1469 2902 erexisti

150 2903 383 2984 damocrporum
404 2902 591 2984 formosorum
612 2903 646 2984 ael
671 2918 800 2984 veneram
828 2937 951 2994 Petrum
968 2955 986 2994 a
1001 2935 1141 2994 fluctibus
1169 2934 1213 2993 ita
1229 2934 1270 2992 eri
1294 2952 1309 2991 θ
1460 2966 1468 2977 .

152 2973 345 3027 allicientium
359 2989 498 3043 imagines
510 2991 540 3026 iii
554 2975 661 3027 tabulis
675 2973 801 3042 depictas
1144 2977 1151 3004 ⁹
1273 2953 1291 3010 Ρ
1321 2952 1455 3010 ⁰¹⁰⁸Pe⁰

152 3061 186 3098 ac
201 3045 330 3098 omnium
351 3045 440 3098 oculis
453 3046 596 3114 expositas
617 3046 723 3116 majore
737 3061 799 3098 cum
829 3029 963 3084 ⁰⁸i⁰¹¹¹ffl
971 3023 1195 3100 Ufldlffl‘ssiqu‘l
1206 3023 1375 3082 humillime
1385 3023 1468 3082 d003'

152 3115 284 3178 lieentia,
297 3133 385 3184 quain
398 3115 491 3186 pudor
504 3116 533 3170 'et
545 3117 677 3171 honestes
691 3117 800 3172 christi·
829 3115 931 3172 eulans
963 3113 1052 3188 peiles
1077 3117 1192 3170 statuae
1219 3113 1308 3186 hujus
1333 3111 1467 3187 apostoli,

154 3203 214 3240 ⁸¹¹³·-
238 3189 307 3241 fefft
328 3191 433 3256 P⁰⁸⁸0b
455 3205 501 3242 ⁰²¹⁸
523 3205 697 3257 quamquam
712 3205 800 3242 ΗΘΜ
829 3200 1467 3272 ,aredqdicebatunamsanctamcatholi·

153 3258 269 3328 hospes,
282 3257 318 3312 ad
332 3275 420 3312 unum
435 3273 529 3314 omues
549 3259 646 3314 offusis
660 3259 800 3314 coloribus

155 3329 292 3383 audacter
305 3329 429 3387 induxit.
455 3330 516 3395 Qua
529 3331 563 3385 de
576 3349 604 3385 re
618 3331 743 3401 graviter
756 3349 800 3386 ex·

152 3401 371 3470 postulantibus
396 3402 473 3471 apud
501 3403 744 3458 matremfamilias
769 3404 800 3457 li·
828 3391 930 3442 ”mnf

152 3471 231 3526 beris
244 3489 277 3527 ac
289 3471 411 3538 famulis,
424 3473 476 3527 illa
489 3489 547 3528 rem
567 3475 655 3528 altius
676 3476 800 3530 conside·

154 3545 494 3608 rans,fartumtlaesu1is
514 3562 569 3599 nou
583 3546 666 3600 modo
680 3562 736 3601 non
749 3547 799 3600 iui-
874 3566 945 3619 227,
963 3557 1074 3616 Tantus
1096 3556 1144 3614 vir
1166 3555 1269 3633 fugere
1293 3575 1353 3615 non
1370 3557 1470 3631 potuit

153 3615 800 3756 ἕὲῗῃᾞέἓ,εθέ,3ἒξεᾞὶᾞῖἓὲῇἶέζὲπὲῗ
828 3646 1050 3724 sagacissimum
1069 3645 1227 3705 Clementis
1244 3645 1322 3707 Vlll.
1339 3647 1468 3716 oculum,

154 3757 233 3810 tulit
829 3736 1469 3812 quisibiillumineouscientiaedelegitmo·

191 3835 215 3893 a)
229 3834 290 3893 Quo
315 3829 417 3882 solatio
437 3829 467 3882 in
493 3829 633 3900 ejusmodi
659 3831 800 3886 laboribus
827 3825 1007 3884 deratorem:
1030 3843 1140 3884 munus
1156 3826 1311 3884 molestum
1330 3829 1408 3883 certe
1424 3829 1469 3882 at-

155 3899 325 4024 fa-Hfflmlif&
334 3901 489 4026 stilletieiiiii
501 3902 562 3984 {1³⁸⁶
572 3901 712 4027 sstssssiflffli
725 3903 800 3956 hiflffl
828 3934 885 3989 que
902 3913 1030 3982 difficile,
1049 3913 1128 3990 quod
1144 3933 1253 3990 magna
1269 3919 1368 3972 tamen
1380 3913 1467 3971 liber·

230 3987 572 4035 mansuetum,
613 3991 724 4027 uuam
759 3991 800 4027 ar·
1055 4005 1060 4015 ·
1272 4003 1278 4015 ·
1398 4002 1403 4014 ·

155 3991 365 4096 tiripvobiscum
379 3993 800 4116 atcommuniaarelieeatriau-
828 4009 889 4104 iate
921 4003 1141 4105 prnd‘inmque
1171 4003 1317 4102 Barimus
1358 4003 1468 4072 ‘'bibat'

153 4113 236 4167 dium
252 4129 352 4177 meunt,
368 4114 445 4182 quod
459 4115 571 4184 quidem
583 4117 694 4186 (fateor)
707 4118 800 4172 verbis
829 4092 919 4151 l¹b⁰f⁸
936 4093 1103 4168 90ni¹fi⁰⁰ffl
1114 4091 1150 4150 de
1160 4092 1308 4167 Phfflbllsss
1325 4095 1359 4149 ui
1369 4109 1468 4148 emim·

152 4185 313 4267 exprimere
334 4201 390 4266 ¹¹.⁰¹¹
411 4201 542 4267 possam:
562 4188 704 4257 quidquid
725 4189 800 4242 anim
827 4180 970 4240 darentur
994 4199 1116 4240 monens
1124 4175 1156 4262 ¹).
1190 4181 1348 4255 Hucusque
1375 4179 1469 4236 conti-

154 4256 293 4336 laetitiae,
307 4256 450 4325 quidquid
456 4258 658 4314 oblectamenti
666 4277 698 4314 nc
706 4261 800 4314 solatii

154 4345 185 4380 iu
198 4328 281 4382 terrie
295 4329 347 4396 est,
361 4343 429 4408 prae
441 4327 491 4384 illo
512 4331 658 4384 tristitiam
679 4335 705 4384 et
728 4349 801 4386 moe·
830 4325 921 4332 *⁸
948 4325 985 4330 ”-

153 4415 247 4482 rorem
261 4415 370 4482 merum
384 4400 584 4483 existimarim?
604 4403 714 4456 utinam
728 4419 800 4470 quos
828 4407 895 4459 olim
908 4405 1005 4470 Jacob,
1019 4405 1070 4457 hoc
1084 4421 1136 4473 ego
1150 4418 1265 4471 quoque
1279 4403 1379 4457 meiito
1393 4419 1469 4455 usur·

155 4470 226 4554 mihi
240 4471 320 4554 (ledit
331 4471 506 4554 [luminaria
517 4473 619 4555 spiritu
629 4473 800 4528 filiosiutue·
828 4476 972 4546 paverim:
986 4479 1018 4531 ln
1032 4479 1125 4530 baculo
1135 4493 1191 4528 meu
1201 4479 1315 4529 transivi·
1324 4477 1469 4530 Jordaaem

156 4557 266 4626 remini²
280 4543 503 4625 mihiqinquam,
518 4559 639 4614 pessimo
652 4546 799 4600 homiuum
828 4553 906 4601 iarum
926 4557 950 4602 et
968 4566 1022 4602 ecce
1042 4566 1100 4600 uam
1121 4549 1206 4600 tribus
1227 4551 1322 4599 tiarnu's
1334 4549 1471 4612 reqradr'or

154 4629 188 4694 ac
201 4613 430 4695 flagitiosissimo,
440 4615 516 4669 viros
527 4617 649 4684 optimos
657 4617 799 4670 etdivinis
829 4619 907 4683 (Gen.
921 4623 965 4683 32,
979 4623 1030 4676 roi.
1362 4603 1366 4615 ¹

155 4685 312 4739 virtutibus
322 4687 525 4750 ornatissimos,
537 4695 569 4738 ut
579 4687 747 4756 profectode
756 4705 800 4742 nie
866 4695 884 4754 Ι)
899 4689 1015 4760 Propter
1028 4689 1101 4742 lianc
1114 4688 1277 4742 libertatem
1291 4687 1414 4757 plurium
1429 4687 1470 4740 in-

829 3312 892 3350 eam
915 3296 946 3350 et
970 3289 1160 3366 apostolicam
1194 3308 1343 3348 romanam
1369 3289 1467 3347 Eccle-

154 4755 230 4809 illud
244 4757 382 4827 scriptum
396 4757 543 4812 videatur:
564 4763 679 4813 brieter-e
691 4765 799 4828 sterilis,
828 4761 916 4814 cnrmt
925 4763 1061 4816 offensam
1071 4783 1077 4815 ι
1088 4761 1245 4814 hoctumen
1253 4759 1405 4812 Barouiuiu
1414 4776 1470 4812 nou
1543 4821 1547 4828 .

154 4847 224 4898 quara
246 4847 298 4882 non
317 4837 399 4897 ports
419 4833 471 4884 etc.
496 4831 540 4901 (le.
564 4835 607 4896 54,
623 4833 656 4902 1),
679 4834 709 4884 et
722 4830 799 4900 quoii
827 4832 972 4892 deterruit,
998 4835 1067 4886 Cum
1082 4831 1226 4900 quondam
1245 4829 1397 4884 cardinalis
1410 4830 1471 4896 qui·
