3518 5356
264 316 326 370 379
557 303 742 358 leot-1620.
756 300 912 370 Theologia
926 299 1091 354 scholastica
1103 299 1133 352 in
1146 299 1293 369 Hispania.
1510 319 1527 372 3
1532 319 1572 373 gp

262 483 398 542 Interdiu
424 483 448 542 si
473 484 540 558 quis
566 483 721 544 incidisset
745 485 841 545 nodus
872 485 904 542 in
932 484 1079 560 siquidem
1104 487 1158 553 est,
1184 487 1290 544 Soarez
1311 484 1455 560 principis
1478 486 1575 544 instar

263 571 382 641 studiis,
406 571 578 648 confugium
610 574 737 633 habebat
761 573 903 633 orationis
931 573 1010 632 inter
1025 573 1198 632 recentioris
1208 573 1324 632 scholae
1333 574 1485 650 theologos
1501 577 1572 633 smi-

262 660 299 718 ad
315 661 424 732 Deum;
442 661 596 736 Deiparam
612 681 731 738 quoque
742 663 902 740 Virginem,
931 681 1008 720 nere.
1040 663 1146 721 Merito
1162 662 1195 720 in
1210 662 1275 737 ejus
1292 662 1432 737 operibus
1449 664 1576 723 laudant

263 769 351 825 quam
375 751 577 810 ardentissimi
597 751 706 811 amoris
722 752 838 812 colebat
860 750 903 810 al·
931 750 1163 826 profunditatem
1179 750 1303 828 ingenii,
1324 769 1383 826 qua
1399 753 1498 810 omnio
1514 752 1575 812 fera

263 841 349 898 sactu.
374 839 478 898 fidenti
494 841 668 900 consulebat
688 843 794 900 animo.
826 840 904 910 Qua·
931 841 1039 917 tangit,
1070 857 1146 915 quae
1178 840 1209 898 in
1240 858 1420 916 unaquaque
1451 842 1575 900 materie

262 947 380 1003 cunque
404 929 547 1004 temporis
572 929 721 1005 particula
745 930 905 1007 diligenter
931 935 999 1004 apte
1016 929 1074 986 dici
1089 933 1225 1004 possunt,
1243 929 1409 988 claritatem
1425 929 1512 1004 plane
1528 930 1575 989 in·

263 1017 404 1076 utebatur
414 1021 505 1092 atque
515 1018 662 1096 religiose,
672 1019 741 1078 hinc
757 1018 905 1094 colloquia
932 1015 1087 1097 signent),
1105 1017 1300 1076 eruditionem
1318 1015 1504 1084 immensam,
1516 1038 1576 1094 qua

262 1107 432 1183 del'ugiebst
447 1107 577 1178 inutilia,
595 1126 671 1182 quae
687 1107 904 1184 ,pretiosissimi
931 1125 1032 1166 omnes
1048 1107 1080 1164 in
1095 1105 1230 1182 qnalibet
1252 1107 1426 1182 quaestione
1442 1109 1574 1182 cujusvis

262 1195 406 1270 temporis
430 1195 664 1271 depraedatores
681 1195 812 1256 dicebat:
836 1196 905 1255 hinc
932 1196 1038 1254 aetatis
1056 1197 1221 1254 sententias
1246 1195 1375 1254 dilucide
1399 1197 1490 1255 refert
1506 1217 1574 1256 curn

263 1285 310 1343 vel
326 1285 358 1342 in
373 1283 533 1343 itineribus
550 1304 633 1345 orare
647 1286 744 1344 autde
754 1286 903 1360 quaestio·
932 1285 1125 1362 argumentis,
1143 1303 1220 1358 quae
1235 1283 1368 1344 modeste
1387 1284 1457 1344 dein
1473 1303 1575 1345 omnes

263 1373 353 1432 nibus
368 1373 542 1450 theologicis
558 1374 695 1433 meditari
710 1375 830 1446 solebat,
844 1393 903 1432 me·
932 1373 964 1430 in
981 1377 1079 1449 partes
1096 1373 1243 1449 expendit.
1276 1374 1378 1449 h'eque
1395 1375 1489 1432 solum
1508 1395 1574 1434 ser·

263 1461 478 1537 ditationisque
501 1462 633 1522 fructum
655 1482 777 1539 vespere
803 1464 835 1522 in
851 1463 903 1522 ho·
932 1463 1097 1521 satissimus
1113 1465 1161 1520 est
1175 1462 1207 1520 in
1217 1457 1358 1538 operibus
1368 1463 1574 1540 theologorum

264 1551 904 1628 spitioquamvisfessnsconsignabatliteris.
933 1551 1057 1620 scholae,
1075 1569 1178 1610 verum
1204 1551 1294 1610 etiam
1321 1551 1352 1608 in
1368 1551 1506 1627 operibus
1523 1572 1575 1628 pa-

263 1641 362 1698 hunni
388 1641 551 1715 puritatem
574 1645 638 1699 toto
668 1641 747 1700 vitas
772 1645 904 1716 tempore
931 1644 1021 1704 trum,
1048 1641 1080 1698 in
1103 1640 1223 1714 scriptis
1247 1641 1461 1698 haereticorum
1477 1643 1574 1700 omnis

267 1729 368 1786 tenuit
383 1729 539 1787 illibatam.
932 1729 1038 1788 aetatis
1054 1733 1085 1786 et
1100 1729 1132 1787 in
1156 1729 1296 1803 operibus
1318 1730 1487 1803 aequalium
1504 1748 1574 1789 suo·

932 1837 1009 1888 rum,
1026 1818 1097 1876 licet
1121 1817 1153 1875 iu
1178 1817 1352 1894 regionibus
1376 1817 1489 1876 dissitis
1505 1838 1575 1894 pro·

309 1905 499 1980 Supertluum
529 1906 615 1981 plane
646 1903 730 1990 est1),
763 1907 904 1969 encomia,
933 1902 1083 1988 dierintl).
1101 1907 1574 1983 Hincquoruntlamejnsoperum

264 2013 340 2070 quae
356 1995 523 2072 largissime
546 1996 643 2054 omnis
666 1997 783 2066 aetatis,
805 1997 905 2056 condi·
933 1997 980 2054 vel
1011 2014 1101 2070 penes
1126 1999 1324 2070 protestantes
1349 1995 1428 2054 haud
1453 1997 1577 2055 minima

263 2083 364 2152 tionis,
382 2084 510 2142 nationis
536 2085 592 2143 riri
608 2084 719 2144 eruditi
735 2084 772 2143 de
787 2103 821 2144 eo
836 2101 904 2161 pro·
933 2088 998 2144 erat
1015 2084 1215 2160 auctoritus8).

265 2173 454 2243 nunciarunt,
486 2174 534 2232 hic
558 2173 682 2234 referre:
714 2175 904 2233 notissimum
1122 2165 1124 2170 ’

985 2273 1054 2324 164.
1071 2261 1165 2338 Opera
1181 2259 1307 2342 Suariill
1324 2261 1500 2338 prodierunt
1515 2263 1576 2322 eol-

305 2363 322 2430 Ι)
336 2359 466 2413 handum
480 2361 637 2430 specimina
648 2362 788 2429 quaedem
799 2361 846 2416 hic
859 2362 905 2416 da·
935 2352 1011 2410 lecta
1026 2351 1166 2428 Lugduni
1182 2354 1212 2410 et
1222 2351 1357 2410 Coloniae
1376 2361 1574 2415 leat-1655

265 2429 366 2484 bimus.
383 2431 469 2493 „Cum
483 2433 581 2486 Franc.
594 2433 727 2498 Suarez,
742 2431 906 2486 italtichar·
1091 2492 1094 2497 ,

265 2501 462 2558 dusLincaeus
473 2503 550 2572 apud
565 2504 647 2559 Mich.
657 2505 708 2560 aS.
716 2505 821 2576 loseph
833 2503 905 2558 Bibl.

264 2573 326 2626 crit.
340 2577 365 2638 2,
378 2577 438 2640 307,
462 2591 490 2629 se
504 2578 596 2630 totum
610 2575 647 2628 ad
660 2579 786 2631 veterum
799 2576 906 2628 schola·
972 2581 991 2644 ¹)
1006 2573 1124 2628 Werner
1137 2573 1156 2628 l.
1170 2591 1193 2630 c.
1220 2573 1302 2636 ,Man
1315 2571 1474 2628 ilbertreibt
1486 2573 1577 2640 nicht,

264 2643 399 2698 eticorum
407 2645 556 2700 lectionem
568 2646 744 2708 contulisset,
752 2646 822 2700 mihi
831 2645 906 2700 ride·
936 2663 1018 2700 weun
1026 2647 1167 2716 mausagt‚
1175 2645 1277 2700 Sueten
1289 2645 1494 2700 scidcrlrlarste
1500 2645 1578 2716 liopt

265 2717 310 2768 tur
318 2715 460 2770 effinxisse
471 2721 631 2784 majestatem
641 2717 774 2782 Thomas,
786 2723 905 2787 permita-
935 2721 1020 2772 uuter
1037 2717 1093 2770 den
1112 2715 1283 2771 theoretisch
1297 2717 1462 2772 Gebildeten
1483 2718 1578 2772 seiner

264 2796 312 2840 tem
327 2787 444 2850 Alberti,
464 2792 610 2844 claritatem
625 2788 763 2852 Durandi,
777 2793 905 2844 subtilita-
934 2788 994 2843 Zeit
1005 2805 1143 2858 genesen.
1158 2787 1183 2841 N
1186 2790 1256 2842 eben
1266 2789 1316 2842 der
1323 2787 1454 2842 Klarheit
1466 2788 1540 2842 fehlt
1547 2805 1577 2842 es

263 2867 312 2910 ton
328 2858 412 2929 Scoti,
424 2865 526 2928 ciprani
540 2859 676 2925 Halousis,
686 2863 842 2916 solidantem
856 2861 905 2914 Bo·
934 2859 1008 2913 auch
1030 2859 1112 2913 nicht
1133 2875 1170 2912 an
1184 2859 1270 2925 Tiefe,
1294 2860 1353 2913 und
1376 2859 1452 2913 disse
1475 2859 1577 2914 beiden

264 2931 448 2992 rraventuroe,
463 2935 633 2986 inventionem
648 2929 774 2998 Ookami,
796 2950 906 2987 oramen
933 2929 1577 3054 Eigenschaftenzusammen,gebeuimBunde

264 2997 401 3068 Gregorii,
415 3003 603 3056 detractionem
619 3001 766 3068 Gabrielis,
789 3007 840 3057 ra'm
854 3003 905 3056 Ba·
933 3000 1337 3072 mitdcrUrnsichteinesgrttn
1357 3001 1577 3056 lichenl'leisses

263 3069 347 3136 conii,
365 3075 580 3140 profunditatem
600 3073 724 3138 Henrici,
744 3073 774 3128 in
795 3091 906 3128 summa
933 3073 1029 3127 seinen
1053 3073 1267 3144 theologischen
1287 3073 1424 3128 Arbciten
1444 3073 1491 3127 ein
1513 3073 1577 3128 Mau

263 3141 405 3210 quidquid
413 3144 443 3198 in
450 3160 623 3214 unoquoque
630 3145 905 3214 praestantissimum
934 3145 993 3198 und
1007 3144 1069 3198 eine
1084 3143 1239 3214 Rundung‚
1253 3144 1343 3198 durch
1352 3144 1458 3198 welche
1466 3144 1506 3198 sie
1514 3144 1576 3200 sich

263 3213 378 3273 eluxit“.
395 3215 425 3268 ln
440 3233 496 3270 uno
510 3233 543 3270 ex
553 3216 664 3286 collegii
676 3217 906 3272 conimbricensis
933 3217 988 3270 den
999 3214 1174 3270 klassischen
1184 3217 1472 3286 llervorbringungen
1482 3221 1577 3270 ersten

262 3283 904 3358 epitaphiisappellettrr,hluropacatqueadeo
934 3287 1047 3354 Ranges
1061 3286 1172 3357 wllrdig
1186 3303 1237 3340 zur
1250 3287 1326 3340 Seite
1340 3286 1467 3342 stetten.-

262 3355 339 3410 orbie
352 3357 477 3412 rrnivcrsi
496 3359 647 3428 magister:
673 3359 735 3413 Ari
745 3360 906 3413 stoteles
969 3361 991 3430 ⁹)
1005 3357 1077 3412 Hinc
1089 3375 1153 3412 vere
1173 3357 1245 3411 dixit
1258 3358 1377 3412 Bossuct
1396 3357 1473 3427 apud
1486 3357 1579 3413 Faller-

262 3427 292 3479 in
306 3428 487 3483 naturalibus
500 3430 640 3484 scientiis:
654 3431 808 3484 Thomas
821 3447 905 3500 ange·
933 3428 1007 3484 Vlss.
1023 3435 1083 3486 101:
1097 3428 1199 3483 Suarcz
1212 3429 1347 3498 loquente
1363 3431 1522 3484 universam
1536 3447 1578 3484 re·

262 3497 333 3551 licus
346 3499 376 3552 in
385 3500 504 3554 divinis:
519 3501 657 3557 Hieron
665 3519 720 3570 ym
729 3519 769 3555 us
782 3502 906 3572 inscrip-
933 3501 1087 3554 certiorem
1100 3500 1225 3554 scholam
1238 3501 1379 3556 audimus.

262 3569 349 3648 hone:
363 3572 906 3644 Ambrosiusincathetlrazrlugu·
971 3571 1155 3697 Ἂῦυὶιτηιιετ
1177 3572 1206 3625 in
1230 3589 1276 3642 op,
1300 3571 1430 3626 Joaohim
1453 3571 1579 3642 Jungius

262 3642 430 3694 strnusin
444 3643 605 3711 polemicis:
628 3645 906 3700 Atlranasiusin
934 3661 973 3696 un
1007 3643 1275 3708 s.Zeitalter,Stutt
1316 3645 1579 3714 sweep-rasta

262 3711 327 3764 fidei
337 3713 534 3780 explicatione:
548 3713 711 3768 Bernard
722 3733 761 3768 us
774 3715 802 3768 in
818 3716 904 3770 melli-
934 3715 1047 3768 scribit:
1072 3713 1140 3774 ,Die
1155 3714 1282 3769 Lehrbtic
1304 3729 1334 3770 er
1346 3715 1395 3769 des
1408 3713 1579 3785 spanischen

262 3781 448 3850 tiuapietate:
463 3784 667 3856 Gregorius
680 3787 710 3839 in
724 3787 905 3841 traductione
931 3785 1578 3854 JesuitenSuarezsetatensichaufprotestan-

263 3852 413 3907 bibliorum
427 3873 459 3910 ac
472 3858 573 3910 verbo:
594 3859 695 3912 oculus
713 3859 813 3927 populi
833 3860 904 3912 chri·
932 3857 1041 3912 tisohen
1068 3857 1281 3911 Universiraren
1303 3856 1332 3910 in
1356 3858 1419 3912 dem
1442 3857 1577 3912 Ansehen

261 3924 354 3990 stiam,
369 3926 417 3980 sed
431 3944 481 3980 suo
495 3928 584 3982 solius
594 3929 705 3998 judicio
719 3929 815 3983 nihil.“
840 3929 904 3995 Qui·
933 3927 996 3995 fest,
1012 3927 1130 3982 welches
1144 3931 1224 3983 sonet
1235 3927 1419 3982 Melanchton
1432 3928 1577 3996 eimrahm,

263 3997 314 4050 bus
328 3996 425 4050 relatis
445 3999 514 4054 scits
532 3999 629 4054 subdit
641 4001 795 4055 Weruer
808 4002 825 4055 l.
840 4018 862 4054 c.
877 4019 904 4071 p.
933 3999 993 4054 und
1007 3999 1057 4053 das
1070 4000 1147 4054 nieht
1166 3997 1226 4053 sich
1238 4001 1281 4054 bis
1304 4001 1332 4052 in
1346 3999 1392 4053 die
1406 3999 1466 4054 Zeit
1477 3999 1578 4068 hinab,

261 4071 311 4124 so:
327 4067 904 4142 ,SothsrschwenglichdiesesLobauch
932 4071 974 4125 als
996 4069 1125 4125 Leibuita
1147 4071 1201 4124 aul
1218 4070 1268 4125 der
1289 4071 1464 4127 Univsreitat
1484 4071 1579 4127 seiner

261 4137 379 4209 klingen
393 4157 466 4213 mag,
481 4161 511 4197 so
547 4142 904 4210 ewitlistesandererssits‚
934 4141 1099 4196 Vaterstadt
1130 4142 1312 4212 Philosophia
1343 4141 1487 4196 studirter·
1533 4143 1578 4200 ct.

260 4208 313 4262 dall
327 4211 386 4264 sich
400 4212 429 4264 in
443 4215 493 4268 der
506 4163 696 4284 adgemeinen
708 4215 845 4284 Meinung
857 4215 904 4269 die
931 4213 1023 4268 Rittcr
1036 4213 1081 4267 die
1094 4213 1201 4268 christl.
1214 4213 1320 4268 Philos.
1334 4213 1367 4278 ll,
1381 4217 1416 4271 65
1429 4231 1449 4266 s.

260 4280 367 4336 sichere
393 4273 601 4356 liberzeugnng
626 4287 776 4350 festeetate,
800 4291 903 4340 buaren
969 4289 990 4356 ⁴)
1005 4283 1186 4354 Singulorum
1210 4283 1350 4356 editiones
1373 4285 1409 4337 ct.
1429 4301 1473 4354 ap.
1498 4285 1578 4340 Son-

261 4353 307 4418 sei,
323 4371 405 4409 wenn
419 4357 499 4410 nicht·
513 4357 562 4410 der
576 4357 648 4412 erste
658 4355 800 4426 theologe
813 4357 904 4412 seines
933 4355 1091 4426 mervogel;
1110 4355 1144 4410 dc
1158 4355 1336 4426 singulorum
1348 4355 1478 4410 doctrina
1492 4359 1520 4410 et
1535 4373 1577 4411 or·

261 4423 416 4491 Zeitaltera,
430 4427 621 4483 unbestn'tten
646 4431 729 4481 enter
743 4428 789 4483 die
803 4428 904 4482 h‘rsten
932 4427 997 4482 dine
1020 4427 1219 4498 chronologico
1242 4427 1362 4482 Werner
1381 4427 1399 4481 l.
1420 4443 1459 4484 a:
1481 4427 1578 4482 dein·

260 4494 351 4550 seiner
360 4498 461 4552 Zeitau
470 4500 579 4564 athleu,
588 4498 633 4554 ein
645 4499 761 4564 Urtheil,
770 4501 903 4554 walchem
931 4498 1016 4554 editis
1030 4499 1237 4552 stercoratam
1257 4497 1324 4554 dies.
1346 4497 1382 4554 de
1394 4498 1532 4554 Suorraile
1545 4500 1577 4554 in

260 4566 374 4622 eiulaoh
386 4569 593 4625 nutastimmen
606 4572 668 4626 iste·
691 4571 764 4625 Hinc
777 4573 823 4626 vel
836 4571 903 4626 Gro·
931 4569 1038 4624 Etudes
1052 4570 1132 4639 relrg.
1142 4569 1230 4624 LXIV
1243 4573 1458 4642 (laetarer-76.
1472 4569 1578 4628 Tomos

260 4638 765 4712 tiusep.154J0.00ntnioinsrripa
778 4643 904 4698 affirmat
931 4645 990 4696 tres
1002 4641 1168 4711 posthumus
1182 4641 1274 4696 Suarii
1288 4642 1345 4713 (lll.
1359 4639 1407 4695 tv.
1421 4641 1469 4710 lX)
1483 4641 1579 4697 edidit

260 4725 325 4762 curn
339 4713 436 4766 tantae
451 4713 538 4767 fuisse
551 4713 722 4768 subtilitatis
735 4715 902 4784 theologum
931 4713 1080 4768 Balthasar
1089 4712 1247 4767 Alvarea
1261 4713 1287 4768 S.
1301 4713 1325 4768 J.
1336 4711 1533 4783 philosophiae
1547 4719 1578 4768 et

259 4781 518 4852 acphilosophrnn,
541 4787 572 4838 ut
595 4785 640 4838 vix
661 4801 835 4852 quemquam
855 4786 902 4840 ha·
931 4783 1090 4854 theologiae
1117 4783 1258 4854 professor
1282 4789 1306 4855 (r
1332 4789 1373 4842 12.
1397 4781 1461 4838 Deo.
1485 4787 1578 4858 1630.)

260 4851 325 4905 beet
338 4869 443 4921 parem.
931 4855 1000 4924 Ejus
1020 4857 1088 4910 sunt
1109 4857 1142 4910 tr.
1163 4857 1193 4908 cle
1206 4861 1298 4912 naimo
1311 4863 1436 4925 separato
1457 4855 1487 4910 in
1501 4871 1578 4910 corn·
