3500 5348
887 1547 947 1630 lv

395 1677 685 1884 Theologi
732 1608 1036 1846 annorum
1083 1707 1489 1844 ital-1640.

620 2088 651 2184 Ι.
684 2084 930 2204 Theologia
962 2081 1248 2181 soholaetioo.

325 2332 395 2386 271.
412 2323 486 2382 Vere
502 2323 631 2400 gloriosa
646 2326 692 2381 est
708 2323 738 2380 in
752 2321 918 2398 theologiae
947 2320 1072 2380 calorem
1095 2323 1198 2378 eontra
1220 2318 1367 2396 rigentem
1388 2317 1515 2376 hiemem
1532 2321 1592 2378 snb

277 2413 458 2470 scholasticae
475 2412 631 2472 annalibus
648 2412 720 2471 haee
737 2403 917 2490 periodusl).
946 2413 1065 2470 nootem
1081 2408 1203 2476 foveret,
1214 2425 1250 2466 ue
1262 2405 1390 2466 breviad
1400 2424 1590 2468 communem

279 2499 419 2570 Quamvis
436 2520 503 2560 vero
518 2503 602 2562 natio
617 2502 746 2574 hispano
762 2501 870 2560 iterum
888 2502 919 2557 et
946 2497 1175 2558 domesticorum
1192 2497 1293 2572 ignem
1308 2497 1474 2556 accessione
1484 2497 1590 2574 exigu-

277 2591 422 2666 plurimos
438 2594 468 2650 et
484 2609 614 2650 summos
629 2590 790 2665 protulerit
805 2587 918 2666 theolo-
946 2609 994 2647 am
1017 2587 1161 2662 temporis
1182 2585 1332 2662 jacturam
1357 2584 1476 2644 tuomet.
1501 2587 1589 2646 Tales

276 2695 339 2755 goa,
364 2679 451 2738 liceat
465 2679 551 2738 nobis
567 2677 686 2738 initium
703 2679 808 2738 durare
823 2677 917 2736 aBol-
946 2679 1106 2750 tantosque
1122 2675 1156 2734 in
1171 2673 1279 2734 studiis
1294 2673 1366 2734 feeit
1380 2674 1539 2751 profectus,
1553 2681 1591 2734 ut

275 2769 328 2844 pls,
354 2769 407 2843 qui
432 2768 486 2825 illo
510 2767 632 2844 gloriari
662 2771 796 2842 possunt,
829 2785 917 2842 quem
945 2767 993 2825 vir
1019 2775 1053 2828 ll
1084 2782 1176 2824 annos
1200 2766 1289 2822 natus
1313 2763 1516 2840 philosophiae
1541 2783 1589 2824 re·

266 2875 394 2932 vsemper
409 2860 562 2931 tamquam
578 2858 726 2930 exemplar
741 2859 772 2916 et
793 2855 918 2914 formam
946 2855 1139 2914 nunciaretur
1154 2853 1264 2923 doctor,
1289 2852 1484 2930 magistrique
1507 2853 1591 2912 inter

278 2946 342 3005 veri
378 2945 510 3022 theologi
542 2945 736 3020 suspeximus,
767 2945 917 3004 Leonardo
946 2963 977 3003 ee
1009 2942 1230 3011 contenderent,
1262 2941 1329 3016 quis
1354 2941 1440 3000 illurn
1466 2942 1591 3002 haberet

278 3033 410 3093 Leeeio
427 3029 537 3116 (heys).
556 3035 667 3093 Natum
690 3038 735 3093 est
757 3034 812 3092 hoe
834 3034 917 3092 theo·
945 3033 1133 3108 discipulum.
1153 3031 1263 3090 Verum
1286 3030 1340 3088 Dei
1363 3031 1494 3090 vocantia
1517 3051 1589 3106 gra-

278 3123 372 3200 logiae
389 3123 490 3184 lumen
505 3124 648 3182 Breohtae
664 3124 695 3183 in
711 3123 872 3182 Brahantia
892 3133 917 3184 l.
945 3123 1004 3180 tiae
1021 3122 1186 3196 obsequens
1204 3120 1374 3178 societatem
1390 3119 1464 3178 Jesu
1479 3123 1525 3180 est
1541 3122 1589 3180 in·

278 3213 341 3272 Oet.
363 3222 454 3278 1554.
481 3213 557 3271 Puer
572 3211 631 3270 fnit
647 3213 771 3272 sortitus
788 3212 917 3272 animam
945 3228 1064 3288 gressus
1083 3218 1132 3273 23.
1149 3208 1233 3269 Juuii
1254 3209 1588 3272 1572.Absolutotiro·

277 3303 400 3362 bouem:
425 3301 532 3377 pietati
559 3303 671 3376 pariter
693 3305 724 3360 et
746 3301 855 3360 studiis
875 3301 918 3360 ita
946 3299 1022 3358 oinio
1043 3300 1175 3358 Duarum
1198 3297 1345 3356 mittittur
1364 3298 1486 3375 juvenis
1504 3307 1544 3360 20
1562 3319 1588 3358 a.

277 3391 406 3462 deditus,
432 3395 468 3450 ut
498 3391 640 3450 virtutem
666 3393 696 3448 et
720 3390 917 3450 eruditionem
945 3389 1147 3449 adducendam
1156 3387 1469 3462 philosophiamquod
1478 3407 1590 3464 magna

278 3480 335 3538 sibi
347 3480 409 3554 jam
426 3484 490 3538 tum
501 3479 693 3555 desponsasse
706 3479 852 3538 videatur.
871 3478 917 3536 Si·
945 3496 1012 3538 oum
1027 3475 1241 3553 approbatione
1256 3479 1321 3536 toto
1337 3477 1492 3551 septennio
1501 3495 1589 3552 prae-

279 3567 399 3644 quidem
414 3568 463 3642 pia
485 3569 628 3644 religione
651 3569 752 3626 erebro
771 3569 916 3643 jejunare,
945 3568 1026 3626 stitit
1051 3559 1307 3646 (1574-15131).
1339 3564 1458 3642 Ingenti
1483 3565 1589 3625 ardore

279 3655 394 3715 assidue
410 3657 533 3730 proceri,
549 3658 581 3715 in
597 3659 708 3732 templo
725 3660 756 3716 et
771 3657 841 3715 alibi
851 3675 916 3714 ver·
945 3655 1151 3714 humaniorum
1166 3654 1321 3713 literarum
1331 3653 1432 3712 studio
1442 3653 1531 3712 simul
1541 3654 1589 3712 in-

279 3746 346 3814 seri,
363 3747 398 3802 ut
414 3764 432 3802 a
446 3745 642 3820 popularibus
668 3747 731 3804 suis
755 3747 917 3822 ,propheta‘
945 3745 1059 3814 cubuit,
1077 3745 1163 3819 enjus
1185 3742 1299 3802 ardoris
1315 3761 1353 3802 on
1375 3751 1588 3818 argumentum

278 3833 489 3895 nominaretur.
506 3835 682 3894 coaetaneos
699 3853 776 3904 suos,
793 3853 917 3910 quopa·
944 3833 1070 3910 insigne.
1094 3833 1242 3892 Evenerat
1255 3831 1423 3908 aliquando.
1449 3835 1484 3891 nt
1509 3831 1587 3894 duos

279 3925 325 3982 oto
351 3923 445 3982 Deum
471 3924 605 3982 venerari
630 3929 661 3983 et
685 3923 843 3982 christiane
875 3921 917 3981 vi-
946 3921 1588 3998 sodalesgraeoointereeeermoneutifami·

278 4030 347 4070 rere
362 4015 522 4088 oporteret,
539 4013 725 4072 instituebat.
742 4013 841 4072 Prima
849 4012 917 4072 lite-
946 4012 1058 4070 liariter
1073 4011 1198 4070 audiret.
1224 4009 1304 4082 Quae
1330 4029 1376 4069 res
1399 4011 1497 4085 ipsum
1514 4010 1588 4069 adeo

277 4120 379 4160 rarum
395 4101 538 4161 elementa
553 4102 699 4179 puerulus
716 4101 811 4160 adhue
822 4119 918 4176 usque
946 4099 1093 4170 incitavit,
1111 4103 1145 4158 ut
1160 4099 1230 4158 lieet
1248 4100 1374 4176 ignarus
1397 4097 1493 4158 adhue
1509 4101 1589 4160 etin

277 4190 349 4250 adeo
366 4191 522 4262 adamavit,
540 4195 575 4249 ut
591 4191 654 4250 cibo
671 4194 700 4248 et
723 4209 835 4260 somno,
859 4190 918 4248 imo
945 4190 1051 4266 lingua
1066 4190 1123 4248 ista
1138 4189 1312 4266 peregrinus
1327 4189 1443 4264 privato
1459 4187 1589 4247 duorum

277 4284 308 4338 et
323 4280 402 4339 lusui
419 4280 505 4338 horas
521 4279 691 4354 surriperet,
703 4283 732 4336 et
743 4278 918 4338 teneresad-
946 4278 1091 4338 mensium
1108 4278 1245 4336 exercitio
1263 4279 1324 4353 ipse
1341 4277 1400 4336 eibi
1421 4277 1590 4352 discipulus

277 4367 335 4427 huo
359 4387 464 4427 manus
490 4387 559 4427 suae
585 4367 623 4426 ad
648 4368 754 4426 exilem
781 4367 919 4426 candelae
946 4371 976 4426 et
991 4367 1132 4444 magister
1148 4386 1215 4425 eum
1231 4384 1422 4444 progressum
1431 4365 1542 4434 feeerit,
1551 4371 1590 4424 nt

947 4453 1589 4532 Aristotelemegraeooinlatiunmprompte

317 4541 335 4605 ¹l
349 4537 488 4603 Quosdam
507 4539 653 4610 theologos
669 4538 745 4592 infra
761 4537 796 4592 oe
814 4535 919 4592 theoto·
947 4545 1124 4605 tredueeret.
1142 4544 1302 4604 Matutinas
1319 4544 1405 4602 horas
1420 4560 1523 4602 somno
1536 4543 1589 4601 de-

277 4607 324 4677 gia
337 4610 468 4663 mmli
481 4609 648 4665 disserentes
667 4609 855 4674 laudabimus,
869 4608 919 4690 (lui
947 4633 1092 4704 trahebat,
1108 4651 1182 4708 quas
1199 4633 1309 4709 graecis
1324 4635 1515 4692 consecraret.
1532 4632 1589 4692 Su-

277 4681 376 4734 merito
389 4680 436 4735 hio
449 4681 535 4734 etiam
545 4681 641 4736 referri
650 4685 771 4750 possent.
783 4684 814 4734 ut
824 4681 854 4734 in
864 4697 920 4750 prr·
1300 4722 1305 4734 ,

277 4748 331 4801 mis
344 4753 413 4831 ²³².ss-
428 4751 602 4819 Gerlach,
621 4753 663 4806 J0·
683 4753 823 4807 Mamer
842 4755 871 4806 ep
889 4751 919 4805 L,
948 4741 1001 4799 per
1016 4741 1146 4782 mensam
1164 4740 1239 4796 quae
1255 4722 1347 4780 latine
1356 4721 1542 4798 legebantur,
1554 4739 1591 4780 ea

278 4819 493 4877 Turrranus.
948 4811 1037 4871 terite
1054 4829 1153 4870 seeum
1171 4811 1361 4870 convertebat
1376 4809 1407 4868 in
1429 4825 1589 4886 graecum:
