3484 5354
147 305 231 359 1065
335 286 474 350 Giliberli,
486 286 623 352 Minerva,
636 286 751 354 Calena,
766 287 894 355 vecchio,
907 287 1087 354 Paciuohelli,
1099 285 1210 342 Ferrari
1221 289 1272 341 ete.
1372 305 1455 359 1066

141 472 321 532 Giliberti
338 475 406 534 cler.
417 491 477 550 reg.
488 473 678 550 neapolitani,
689 473 789 533 eximii
818 473 849 531 in
863 473 883 532 l.
906 506 948 518 -
973 473 1145 534 Franciscus
1162 494 1180 533 6
1195 474 1324 535 Vitrio
1342 475 1373 534 0.
1391 475 1457 552 Cap.

143 561 371 631 concionatoris,
396 561 449 638 qui
465 562 512 620 sui
534 562 647 621 ordinis
669 562 715 622 bis
731 563 790 621 luit
817 563 986 623 enucleavit
1000 563 1117 633 Jonom,
1140 562 1264 638 Neapoli
1284 573 1366 627 1645
1384 585 1411 623 v.
1430 573 1457 634 2,

143 651 334 728 praepositus
361 651 508 727 generalis
532 647 788 734 (1621-1627).
817 652 942 728 ejusque
964 651 1073 712 sodalis
1090 651 1262 712 Franciscus
1287 652 1324 712 de
1340 652 1458 712 Fran·

143 739 226 800 Obiit
247 751 295 802 10.
312 739 378 798 666.
393 750 475 804 1656
493 741 635 803 aestatis
647 750 697 804 94.
714 740 789 816 Ope·
817 741 899 800 chia
915 741 1026 812 066666,
1045 741 1179 800 Panormi
1191 751 1209 804 3
1223 744 1244 799 t.
1258 751 1351 804 1643.
1366 751 1459 805 1641.

144 830 185 888 ris
207 830 320 888 titulus
345 832 406 888 est:
434 829 510 888 Coeli
533 829 668 888 Dooidici
691 832 790 889 666166
822 840 914 900 1656,
931 831 1042 904 quibus
1051 829 1160 889 titulus
1169 831 1303 890 Salvator
1315 833 1459 906 mysticos.

145 921 289 978 versiones
313 916 497 978 Psalmo-rom
528 920 741 978 conmerrtoriis
765 927 790 978 et

145 1007 305 1068 moralibus
315 1007 495 1082 conceptibus
504 1008 639 1080 stellatae,
657 1008 709 1067 ubi
718 1009 789 1068 stel-
879 1016 952 1071 456.
977 1008 1144 1067 Alexander
1175 1008 1281 1066 Ρ6116
1289 1003 1458 1088 6616661)

144 1096 231 1156 litera
245 1096 418 1172 resplendet
440 1114 547 1156 corona
569 1115 622 1156 seu
638 1115 728 1156 aurea
742 1115 788 1156 ca·
818 1095 845 1154 S.
862 1097 889 1154 J.
906 1097 1032 1157 Picenus
1049 1094 1079 1178 (†
1097 1105 1146 1159 28.
1163 1098 1239 1174 Aug.
1260 1095 1366 1180 1647),
1391 1098 1459 1156 reli-

144 1189 215 1246 tena
230 1205 265 1244 66
289 1185 422 1244 omnium
443 1185 503 1245 tere
524 1185 677 1245 doctorum
701 1205 790 1262 expo·
817 1186 886 1262 quit
907 1187 1097 1264 Econpelium
1111 1187 1265 1246 sonandum
1283 1185 1458 1246 Mattianum

145 1273 308 1334 sitionibus
324 1273 480 1335 artificiose
500 1277 649 1344 contexta,
673 1275 790 1335 abunde
813 1276 979 1349 poradcnie
1003 1276 1199 1348 illustratum,
1230 1276 1339 1335 Romae
1368 1285 1460 1339 1638.

146 1363 272 1422 collecta
304 1365 334 1422 et
369 1364 532 1439 peregrinis
568 1364 790 1424 eruditionibus
823 1375 903 1426 1645
922 1367 979 1425 62
1003 1364 1034 1422 16
1050 1364 1069 1420 f.
1092 1397 1135 1407 —
1158 1363 1269 1422 Paulus
1286 1363 1461 1423 Vccchio

145 1452 233 1528 quasi
264 1452 428 1511 luminibus
458 1452 625 1524 illustrata,
664 1453 791 1528 Neapoli
817 1453 1035 1528 Neapolitanus
1050 1453 1346 1528 capuanaeccolesiae
1362 1453 1461 1512 cathe-

152 1549 370 1605 1639-1650
394 1561 420 1604 v.
438 1552 458 1603 4
480 1542 510 1599 16
527 1541 556 1611 f,
580 1559 707 1617 quoram
729 1542 789 1617 pri·
819 1541 912 1600 dralis
935 1541 1102 1618 theologus,
1126 1543 1229 1600 auctor
1253 1546 1297 1600 est
1312 1541 1332 1604 l.
1348 1541 1409 1600 rari
1431 1545 1461 1600 et

148 1649 231 1690 mum
249 1630 395 1705 deprimo
412 1631 790 1707 tantumPsalmoagit.-
819 1630 988 1707 singularis:
999 1629 1212 1690 Observationes
1219 1632 1385 1708 6666166666
1394 1649 1461 1689 eru·

146 1718 260 1778 Paulus
282 1718 457 1778 Minerva
473 1719 505 1779 0.
521 1719 622 1778 Praed.
643 1719 789 1789 Berensis,
818 1719 936 1778 ditionis
957 1721 1014 1778 6166
1025 1719 1276 1796 physiopnomicoe
1297 1727 1322 1777 n
1338 1721 1462 1778 medicae

147 1810 179 1867 in
204 1808 329 1866 mathesi
355 1811 386 1866 66
409 1809 589 1868 astronomia
614 1806 790 1887 (secundum
819 1812 850 1868 in
866 1828 888 1870 s.
899 1809 1086 1882 Scriptorum
1100 1809 1132 1866 ll.
1149 1817 1176 1878 2,
1188 1809 1313 1883 Neapoli
1331 1817 1414 1871 1640
1430 1808 1462 1866 in

147 1901 263 1956 vetares
273 1891 417 1976 theorias)
429 1901 571 1968 versatus,
588 1916 659 1956 6666
669 1897 791 1974 provin·
821 1908 848 1960 4.
864 1931 908 1940 -
919 1898 1052 1974 Angelus
1063 1897 1309 1956 Paciuchelli
1319 1897 1351 1956 Ο.
1361 1896 1462 1955 Praed.

147 1987 210 2046 aiae
235 1986 422 2062 praepositus
447 1981 477 2067 (†
503 1997 529 2049 7.
556 1986 656 2044 htartii
683 1981 790 2068 1645),
819 1987 979 2056 Etruscus,
1005 2005 1111 2062 praeco
1134 1985 1279 2044 facundus
1301 1988 1333 2044 et
1356 1985 1462 2044 ardeus

145 2075 292 2134 disseruit
317 2075 351 2132 66
366 2074 531 2134 Neomeniis
546 2075 708 2134 Solomonis
718 2091 791 2150 per·
821 2071 853 2156 (†
866 2071 974 2157 1660),
992 2076 1128 2152 exposuit
1143 2075 1291 2148 epistolam
1304 2076 1344 2132 od
1354 2075 1462 2132 116666-

143 2165 242 2241 petuis
257 2163 288 2222 ll.
306 2171 335 2233 2,
358 2182 487 2239 quorum
508 2164 590 2240 prior
605 2167 698 2224 totam
713 2165 791 2223 Nec·
819 2183 871 2223 nos
887 2183 921 2222 ex
937 2182 977 2227 66.
1000 2163 1136 2239 patribus
1159 2167 1190 2223 et
1206 2163 1384 2232 doctoribus
1408 2161 1469 2220 Pe:

147 2251 312 2312 meniarum
340 2252 484 2311 rationem
516 2271 550 2311 ex
575 2272 596 2311 6.
623 2253 792 2329 Scripturae
819 2252 921 2312 rusiae
941 2262 1022 2315 1656
1047 2252 1079 2310 16
1095 2252 1114 2313 f.
1130 2284 1173 2294 -
1197 2251 1357 2328 Gregorius
1373 2251 1462 2309 Fer·

148 2342 231 2401 lanta
255 2344 287 2398 et
316 2341 472 2401 doctorum
498 2341 678 2402 testimoniis
705 2342 792 2418 juxta
819 2342 900 2401 rari
923 2341 950 2402 S.
966 2342 994 2400 J.
1017 2341 1109 2417 Ligur
1132 2337 1162 2423 (1
1182 2351 1228 2404 16.
1252 2341 1336 2398 Mart
1365 2336 1462 2421 1659)

149 2430 317 2490 hebraicam
349 2430 504 2490 6661666666
540 2431 792 2490 abundantissime
820 2449 963 2507 exponere
979 2430 1063 2489 nisus
1078 2425 1154 2508 eser)
1165 2430 1373 2506 Apocalypsin
1384 2447 1463 2488 com·

146 2519 292 2596 explicat:
327 2519 474 2594 posterior
498 2538 567 2579 vero
592 2519 792 2578 calendariam
821 2518 984 2588 meritoriis,
1010 2519 1121 2594 quibus
1146 2518 1355 2578 obscurissima
1379 2520 1413 2578 D.
1435 2519 1463 2576 J.

148 2607 360 2686 gregorianam
376 2611 477 2668 exacte
487 2609 683 2685 complectens
693 2611 792 2668 osten·
821 2607 885 2667 Chr.
909 2609 1052 2668 revelatio
1068 2627 1143 2668 nove
1166 2606 1334 2666 elucidetur
1357 2611 1387 2665 et
1410 2607 1463 2666 ab·

148 2697 194 2757 dit
226 2699 329 2756 contra
359 2697 575 2756 haereticorum
612 2698 793 2774 pravitatem
822 2698 920 2756 ditum
936 2699 1001 2773 ejas
1024 2697 1161 2774 aenigma
1175 2696 1343 2755 felicissime
1368 2696 1463 2772 aperi·

148 2785 219 2846 anui
230 2786 443 2845 correctionem
452 2786 576 2861 justam,
590 2787 793 2862 Vicihoquen-
820 2789 880 2856 tur,
898 2786 1056 2846 Mediolani
1076 2796 1168 2849 1653.
1188 2795 1281 2850 1655.
1302 2794 1383 2848 1656
1404 2788 1462 2846 63

149 2876 190 2934 616
210 2885 292 2939 15911
310 2875 342 2932 16
359 2885 394 2944 4;
410 2876 444 2933 de
459 2875 534 2934 libro
546 2876 710 2952 apocrypho
726 2895 794 2935 oum
821 2876 853 2934 in
869 2874 898 2944 f,
916 2879 947 2935 et
960 2877 1106 2935 6666166666
1122 2877 1301 2934 canticoram
1317 2893 1464 2934 commen-

149 2963 284 3041 catalogo
300 2968 332 3022 et
346 2962 444 3023 indice
461 2967 616 3023 auctorum
631 2967 662 3024 et
676 2964 706 3022 ll.
723 2983 792 3040 apo·
822 2965 925 3036 tariis,
951 2966 1060 3041 quibus
1084 2964 1251 3041 explicatur
1276 2982 1298 3022 6.
1324 2963 1465 3022 dramatis

149 3052 347 3129 cryphorum,
374 3055 440 3112 tum
465 3072 500 3111 66
525 3053 635 3112 (1616611
660 3053 794 3126 decretis,
822 3053 966 3131 allegoria
981 3054 1285 3129 sterniturproprius
1298 3071 1465 3127 66666666-

148 3145 214 3202 tum
232 3141 329 3212 66116,
354 3161 429 3217 quac
451 3142 484 3200 in
506 3141 616 3201 divinis
632 3143 794 3218 Scripturis
822 3141 977 3214 rabolicus,
1000 3146 1105 3219 coepta
1124 3161 1159 3200 66
1176 3161 1229 3201 666
1251 3141 1400 3218 principio
1416 3159 1465 3198 66-

150 3230 353 3307 inspiciuntur
368 3235 484 3306 etquae
500 3229 793 3309 adextraleguntur‚
823 3231 980 3308 plicatione
996 3235 1027 3290 et
1043 3231 1167 3289 deducta
1176 3229 1326 3289 acoluthia
1340 3230 1404 3304 ejus
1414 3247 1464 3286 ns·

150 3319 794 3395 116666Ιί164θί64.-Β6666166661166-
823 3339 881 3396 que
905 3320 941 3378 ad
964 3321 1068 3389 finem3
1094 3323 1264 3395 tanguntur
1290 3335 1409 3393 quoque
1435 3317 1466 3375 et

147 3409 241 3468 dina
257 3408 429 3478 Theatinus,
444 3408 621 3480 Melitonus,
640 3410 794 3486 episcopus
823 3409 875 3467 alii
892 3427 1005 3481 sensus,
1021 3409 1147 3468 maxime
1163 3408 1215 3483 qui
1232 3409 1305 3466 sunt
1320 3405 1400 3481 apud
1415 3425 1465 3480 pa-

149 3496 334 3574 tropecensis
351 3494 381 3579 (†
402 3493 507 3578 1646),
526 3501 660 3574 primum
675 3503 795 3558 tantum
823 3501 901 3563 tres3
924 3501 1024 3556 tamea
1039 3496 1199 3572 primarius
1220 3495 1291 3555 libri
1313 3513 1420 3570 scopus
1437 3497 1467 3553 66

148 3594 236 3662 capot
247 3587 706 3663 Jerernioeproplretoaexposuit,
717 3588 794 3647 Nea·
823 3588 898 3657 laos,
915 3591 950 3645 ut
960 3605 1007 3645 res
1023 3587 1086 3662 ipsa
1096 3584 1240 3654 ostendet,
1256 3587 1303 3642 est
1318 3584 1350 3642 in
1360 3601 1466 3642 eruen-

151 3675 212 3752 poli
234 3683 317 3738 1626
335 3676 367 3734 16
382 3675 402 3733 f.
418 3675 599 3734 -Thomas
615 3675 746 3737 Oalona
762 3677 795 3740 0.
823 3677 860 3735 do
883 3676 1003 3753 proprio
1028 3693 1117 3734 sensu
1138 3678 1170 3733 et
1194 3673 1376 3732 ostendenda
1397 3691 1468 3732 vera

147 3766 216 3840 Gap.
235 3765 466 3824 Panormitanus
488 3759 518 3846 (†
538 3761 652 3846 1646),
678 3769 796 3841 praeter
824 3765 966 3824 dramatis
989 3763 1138 3824 acoluthia
1161 3782 1222 3823 uon
1245 3762 1347 3822 hiante
1369 3780 1467 3837 neque

146 3855 356 3914 commentario
383 3854 507 3912 6666116
534 3870 623 3928 super
647 3855 796 3914 duodecim
823 3854 1026 3914 interturbata
1043 3853 1094 3913 aad
1104 3851 1300 3927 consequenti
1316 3853 1347 3910 et
1362 3851 1467 3927 genui·

145 3943 307 4019 666666466
316 3944 451 4018 minores,
464 3943 602 4002 Panormi
617 3953 709 4014 1644,
724 3945 795 4003 scri·
823 3963 870 4014 na,
893 3944 932 4002 ib.
953 3951 1033 4007 1651
1059 3943 1090 4001 in
1108 3953 1135 4004 4.
1152 3975 1195 3986 —-
1211 3940 1325 4000 Prodiit
1347 3940 1467 3998 demum

147 4033 213 4107 psit
228 4033 261 4090 in
277 4032 295 4089 l.
311 4031 469 4090 iudicum:
493 4032 586 4091 Sacro
602 4034 796 4092 661666666ιί66·
823 4033 947 4109 Neapoli
977 4041 1059 4096 1659
1083 4031 1239 4104 Napositio
1261 4032 1292 4088 in
1317 4029 1467 4086 Canticum

143 4123 337 4196 principatus
351 4121 418 4180 ideo
433 4120 495 4180 sive
511 4120 629 4180 Samuel
644 4121 795 4198 expositas
823 4155 982 4165 --

147 4211 180 4270 in
197 4211 216 4268 l.
235 4209 418 4270 historialem
432 4208 452 4267 J
454 4209 573 4268 adicum
590 4229 650 4268 una
665 4228 732 4270 cum
748 4229 795 4270 oa·
862 4206 882 4274 ¹)
896 4201 977 4256 Min!
990 4205 1033 4256 0⁸2
1045 4200 1171 4254 abile&
1185 4196 1353 4268 Pellegrino,
1366 4196 1467 4264 (166110

147 4305 219 4358 tana
244 4297 351 4359 morali
381 4298 516 4358 articulis
541 4298 696 4358 efformata
726 4317 794 4359 con·
823 4269 1180 4416 ἓξιξοξέῗῇθῖίᾚιέἑῖ
1184 4268 1310 4411 (66111667ξῇ
1314 4265 1467 4406 ιὲᾦξιίθέξ

147 4389 291 4464 ceptoum
318 4387 417 4446 eureis
447 4387 544 4446 anulis
574 4388 794 4458 difficultatum,
824 4416 919 4468 mn„
940 4418 1107 4470 &ww-0
1127 4429 1269 4482 corporum
1287 4413 1465 4466 humanorum

148 4477 384 4547 dubitationum,
416 4477 663 4552 speculationum,
688 4477 794 4536 doctri·
819 4479 1469 4568 666666616666666666665666166661614

150 4585 275 4636 narum,
315 4565 534 4636 eruditionum,
571 4584 594 4624 6.
628 4565 796 4643 Scripturas
825 4576 855 4612 m
876 4563 925 4618 12:
944 4563 1043 4626 666616
1062 4559 1224 4610 vicariorum
1245 4555 1274 4608 et
1290 4551 1418 4606 omnium
1437 4551 1468 4606 ia

149 4657 382 4728 sanatorumque
419 4656 539 4730 patrum
578 4655 796 4714 sententiarum
824 4629 948 4711 utroque
962 4628 1022 4684 loro
1035 4629 1080 4698 jus
1093 4625 1256 4690 dicentium,
1279 4623 1384 4678 Romae
1397 4627 1468 4682 1666

148 4743 310 4820 compleris
326 4747 357 4802 et
375 4741 570 4819 conceptandi
594 4743 795 4804 6666666616-
824 4700 888 4838 ¹¹¹2}
896 4771 961 4824 Ap,
974 4769 1100 4840 ejusdam
1119 4785 1204 4838 opera
1224 4767 1335 4838 phflogo
1357 4765 1421 4820 him,
1441 4766 1469 4820 er

150 4832 225 4892 simo
233 4851 309 4910 opus
317 4831 435 4893 noviter
441 4831 651 4910 excogitatum,
660 4831 699 4892 ib.
713 4842 791 4897 1641
824 4841 946 4898 ascetica
959 4841 994 4896 of.
1008 4840 1087 4912 apud
1099 4837 1309 4910 sommervogel
1327 4837 1339 4892 l
1369 4841 1437 4905 ,666
1447 4855 1468 4890 s.
