3518 5356
297 325 357 379 366
479 310 664 364 recl—1620.
677 305 834 376 rheologia
846 307 933 364 schol.
946 308 978 360 in
991 307 1024 361 16.
1038 305 1201 372 (1661666166,
1216 303 1416 372 1166663166,
1539 319 1602 374 353

297 490 386 551 stadii
402 493 433 550 66
442 491 626 568 Mussiponte
635 487 666 572 (t
677 499 725 554 24.
737 491 813 568 Aug.
826 487 934 572 1606),
962 493 1036 567 6666
1051 489 1362 550 annoshrianensinrn
1372 488 1543 565 episcopum
1553 505 1603 547 re·

294 580 460 656 disputavit
475 581 509 638 dc
524 587 601 639 66666
617 582 784 639 animorum
799 581 831 639 in
841 581 935 640 altero
962 579 1116 639 nunciavit
1133 574 1164 662 (†
1181 573 1288 658 1611).
1304 579 1375 654 Ejus
1385 583 1458 637 6666
1466 572 1503 658 ¹):
1521 576 1604 636 Hcr-

296 669 403 739 seculo,
429 669 604 746 Ingolstadii
632 678 711 733 1581
741 669 773 727 16
798 680 836 738 4.,
856 669 935 728 unde
962 671 1059 728 monio
1078 669 1231 746 1166169166
1246 675 1370 742 patrum
1385 675 1410 725 66
1424 667 1603 725 6616166666-

296 758 408 834 prodiit
423 777 497 834 opns
513 759 546 816 dc
560 759 719 817 6116666166
729 767 760 816 66
770 759 936 817 animarum
962 776 1037 830 roos,
1053 758 1085 816 in
1107 776 1166 832 qua
1189 756 1307 834 singula
1329 773 1465 832 quaeque
1488 755 1604 815 6166616·

295 847 328 905 in
343 865 377 904 eo
394 851 476 907 statu
491 848 522 905 ll.
542 856 569 917 2,
586 847 617 905 in
635 846 746 921 quibus
768 847 936 906 animarum
961 847 1027 924 giae
1044 863 1145 906 sacrae
1155 844 1453 922 capitatnmerndite
1465 849 1531 903 tum
1541 844 1603 902 cle-

296 955 313 994 a
329 936 503 1011 corporibus
529 937 729 1011 separatarum
752 939 782 994 et
804 937 935 995 renuita-
962 939 1068 1013 genter
1082 937 1262 1004 tractantur,
1278 935 1473 1009 doctoresque
1484 932 1604 992 adcon·

295 1045 361 1083 rum
379 1029 477 1084 666666
494 1025 660 1099 explicatur
675 1028 764 1100 66666
780 1025 816 1083 de
832 1025 937 1084 mnndi
963 1025 1130 1085 sensionem
1146 1029 1333 1084 revocantur.
1356 1023 1466 1082 'lomus
1489 1022 1604 1098 primas

296 1114 525 1190 conflagratione
534 1115 689 1183 tractatur,
697 1113 833 1172 Coloniae
843 1125 853 1176 1
863 1123 934 1186 6053
963 1113 1006 1196 (et
1021 1113 1097 1173 forte
1111 1107 1232 1194 unicus)
1243 1112 1426 1172 exactissime
1436 1111 1603 1187 dispositus

301 1212 401 1272 1610;
418 1203 502 1277 prius
517 1202 623 1274 italice,
641 1201 774 1262 Venetiis
789 1212 881 1265 1604.
892 1236 935 1246 -
962 1206 993 1261 66
1008 1203 1039 1261 in
1058 1212 1097 1265 25
1115 1201 1147 1264 ll.
1163 1202 1323 1262 distinctus
1346 1199 1457 1277 prodiit
1477 1200 1604 1276 Neapoli

296 1290 461 1350 Ludovicus
484 1292 625 1367 Borojo
641 1311 657 1349 6
673 1291 797 1350 (lavatio
812 1291 935 1351 ditionis
969 1299 1049 1354 1594
1073 1291 1104 1349 in
1126 1301 1156 1355 4.
1179 1285 1230 1372 (m.
1255 1287 1318 1373 60).
1342 1290 1386 1349 De
1408 1289 1604 1348 ccdcsicsticis

294 1379 476 1438 tridentinae
492 1380 524 1438 0.
542 1381 611 1439 lllin.
628 1375 659 1462 (†
679 1391 728 1442 10.
744 1381 817 1440 Nor.
838 1375 935 1461 1609)
962 1381 1190 1458 6666661666,
1213 1381 1320 1439 Romae
1345 1387 1428 1442 1608
1451 1379 1483 1436 16
1507 1387 1534 1440 4.
1551 1377 1603 1436 16-

295 1467 439 1527 dissernit
454 1470 489 1527 de
504 1469 602 1528 6116166
618 1471 722 1528 civium
737 1471 859 1528 civitatis
882 1469 937 1528 Dei
962 1470 1071 1529 stitutio
1086 1469 1164 1528 modi
1177 1469 1350 1544 procedendi
1365 1470 1396 1526 in
1410 1469 1603 1545 6666166696-

290 1559 555 1632 praedestinatione
570 1557 665 1634 deque
681 1558 789 1617 civium
806 1559 935 1618 civitatis
963 1560 1072 1618 larium
1096 1559 1234 1633 omnium,
1260 1557 1365 1616 multis
1390 1560 1421 1615 et
1444 1556 1603 1633 allegatio·

296 1649 415 1705 satanae
438 1647 631 1722 praescientia
654 1665 707 1706 seu
728 1645 935 1723 reprobatione
962 1647 1052 1708 nibus
1077 1652 1108 1706 et
1132 1645 1275 1722 exemplis
1301 1658 1388 1704 aucta
1406 1646 1437 1703 et
1452 1644 1604 1703 illustrata

295 1738 332 1792 tr.
356 1735 387 1792 in
412 1735 481 1797 311.
507 1736 650 1812 digestus,
676 1735 808 1795 venetiis
835 1745 934 1807 1607;
963 1734 1028 1818 (per
1043 1737 1077 1797 D.
1094 1730 1602 1815 Timotheum),Venetiisl595.-

296 1823 427 1883 Veronae
446 1835 530 1887 1610
548 1824 592 1883 ed.
608 1825 935 1901 ancta-hugustinirs
962 1825 1048 1885 Alius
1064 1825 1196 1901 ejusdem
1212 1823 1333 1894 ordinis,
1349 1823 1602 1893 Fortunatus,

296 1912 511 1972 Gothutius
529 1913 561 1976 0.
578 1913 605 1971 S.
616 1913 726 1983 Franc,
737 1911 839 1990 Ligur,
850 1932 935 1989 prae-
961 1915 1046 1991 cujus
1068 1915 1224 1991 ignoratur
1245 1930 1407 1990 cognomen
1429 1911 1602 1980 Patavinae,

294 2001 421 2072 toralia,
438 2021 513 2077 6666
529 2002 565 2060 ad
581 2001 711 2062 doctoris
728 2001 847 2060 subtilis
866 2002 934 2061 doc·
962 2003 1071 2062 mirum
1088 2002 1181 2060 edidit
1197 2019 1281 2078 opus,
1301 2001 1349 2060 cni
1363 2000 1488 2059 titulus:
1508 2001 1604 2060 Decor

295 2091 405 2148 trinam
422 2091 633 2150 illustrandam
649 2088 934 2172 referuntur1),edi-
961 2094 1164 2152 elementorum
1179 2092 1315 2166 mysticae
1330 2092 1507 2168 6666616166,
1532 2089 1603 2165 qni·

294 2179 354 2237 dit:
373 2179 564 2255 Gymnasium
578 2181 783 2255 speculativum
799 2199 833 2238 ex
843 2180 934 2239 variis
960 2183 1017 2240 bns
1031 2179 1361 2258 praecipuadirinitatis
1370 2196 1482 2245 666666,
1496 2195 1603 2253 nempe

295 2273 362 2327 tum
378 2268 591 2346 philosophicis
605 2273 671 2328 tum
680 2269 853 2347 theologicis
864 2287 935 2329 cou-
961 2271 1062 2330 divina
1077 2269 1234 2338 attributa,
1250 2271 1368 2338 natura,
1392 2267 1500 2337 unitas,
1524 2267 1602 2325 rela-

295 2358 447 2416 cinnatnm
464 2362 494 2417 et
510 2359 541 2416 in
557 2359 690 2435 quinque
706 2359 815 2418 classes
831 2358 934 2418 distri-
961 2355 1603 2434 tiones,redemptio,propositotheosophico

295 2446 412 2514 butum,
436 2466 563 2522 quarum
585 2448 680 2524 prima
701 2447 865 2524 logicorum
881 2451 934 2517 666,
962 2448 1106 2525 symbolo,
1123 2445 1338 2506 mathematicis
1360 2443 1528 2504 rationibus
1550 2462 1603 2502 er-

295 2535 423 2593 66666616
445 2536 644 2612 physicorum,
668 2537 759 2595 tertia
776 2536 934 2613 metaphy·
962 2538 1113 2612 plicantur
1123 2539 1153 2594 et
1163 2533 1601 2605 confirmantur,Patarii1617

295 2623 419 2682 sicerum
428 2628 458 2683 66
468 2625 749 2694 mathematicorum,
760 2628 867 2701 quarta
877 2624 935 2685 ior·
962 2627 991 2684 in
1006 2635 1033 2687 4.
1048 2659 1083 2670 -
1097 2625 1226 2700 Raphael
1236 2625 1331 2683 Rira
1342 2617 1441 2704 (Ripa)
1451 2622 1484 2685 Ο.
1498 2621 1603 2685 Praed.

294 2713 488 2784 malistarum,
514 2714 621 2788 quinta
644 2713 857 2791 theologorum,
882 2713 934 2772 Pa·
962 2714 1103 2785 Venetus,
1121 2713 1172 2788 qni
1189 2713 1316 2790 egregiis
1331 2713 1394 2772 suis
1414 2711 1537 2771 dotibus
1553 2729 1604 2770 or·

296 2801 565 2864 6161161605161.
589 2835 631 2845 ·-
655 2802 785 2861 Joanncs
802 2802 935 2860 Domini·
962 2803 1060 2862 dinem
1091 2805 1122 2861 et
1146 2803 1271 2879 patriam
1294 2801 1468 2872 illustrarit,
1494 2803 1603 2870 orator,

296 2908 347 2948 cus
373 2891 658 2967 Montagniuoli
684 2891 717 2954 Ο.
739 2891 850 2960 Praed,
880 2909 934 2966 pa·
962 2889 1603 2970 philosophus,theologuseccleaiastesuhi·

295 2979 356 3037 tria
381 2979 528 3052 Senensis,
567 2980 646 3038 ritae
677 2979 834 3039 sanctitate
864 2979 935 3038 illu·
962 3000 1020 3056 666
1042 2979 1324 3056 praestantissimus.
1349 2977 1603 3054 (1666666166ᾱί-

294 3068 364 3125 stris
395 3071 425 3125 et
449 3067 600 3127 doctrinae
626 3087 648 3127 s.
673 3068 798 3127 Thomas
829 3068 935 3127 acerri-
961 3073 1025 3128 tate
1041 3069 1191 3128 doctrinae
1207 3068 1350 3128 666616616
1359 3067 1520 3143 puritatem
1532 3086 1603 3126 con·

293 3174 360 3215 mus
397 3153 638 3238 propugnasse),
679 3156 789 3216 edidit:
828 3158 935 3231 Desec-
958 3159 1114 3235 jungebat.
1130 3157 1241 3215 Paulus
1250 3156 1283 3218 V.
1294 3176 1362 3216 eum
1378 3156 1523 3216 adsedem
1534 3174 1603 3216 cur·

292 3247 385 3304 616666
409 3246 575 3322 theologicus
599 3247 824 3305 661166661611666
846 3266 863 3304 6
886 3265 934 3306 re·
963 3247 1106 3306 solensem
1134 3241 1304 3328 (Corcyrae)
1337 3255 1416 3309 1605
1444 3245 1601 3321 promovit,

293 3334 475 3394 cautioribus
499 3336 647 3413 theologis
664 3336 831 3394 universam
849 3335 934 3394 theo·
962 3329 1602 3418 66166661661666666101616666)161066666-

293 3422 389 3500 logica
399 3423 426 3480 d.
438 3423 564 3483 Thomas
575 3425 722 3482 Summam
735 3425 934 3500 complecten·
962 3424 1043 3493 tulit,
1076 3443 1180 3483 rerum
1210 3425 1273 3499 jam
1299 3445 1323 3482 a.
1350 3422 1494 3501 sequenti,
1521 3427 1602 3482 aeta·

294 3517 349 3573 666.
376 3512 408 3570 16
433 3513 543 3587 quibus
567 3513 643 3571 mira
665 3532 698 3572 ac
720 3512 852 3588 eleganti
872 3531 933 3570 me·
961 3515 1001 3572 tis
1019 3523 1068 3576 42.
1085 3514 1245 3572 immatura
1270 3515 1366 3572 morte
1388 3515 1492 3589 raptus
1512 3516 1559 3571 est
1575 3513 1602 3571 d.

294 3599 382 3658 thodo
405 3601 534 3659 rationes
558 3605 661 3660 contra
683 3619 801 3660 auream
824 3601 934 3660 doctri·
964 3613 990 3664 0.
1007 3597 1602 3684 16111.1161166161)66616.’11666666Α6.

293 3707 361 3746 nam
384 3688 513 3748 doctoris
536 3690 660 3766 angelici
683 3689 880 3766 usquemodo
897 3690 934 3749 ab
960 3695 1054 3750 totam
1074 3703 1100 3754 1.
1116 3709 1144 3766 p.
1167 3693 1390 3767 praedicasset
1413 3690 1604 3748 dubitationes

295 3776 406 3834 eisdem
437 3777 585 3836 modernis
614 3779 760 3855 theologis
791 3778 934 3838 adductae
961 3781 1150 3850 scholasticae,
1182 3780 1292 3854 quibus
1316 3779 1449 3855 ejusdem
1475 3779 1602 3856 angelici

294 3865 376 3924 166116
394 3885 427 3924 66
443 3865 612 3925 doctissime
625 3866 840 3941 dissolvuntur,
856 3867 933 3926 Nea·
961 3869 1090 3929 doctoris
1102 3869 1188 3927 litera
1197 3867 1338 3927 universa
1348 3867 1522 3927 brevissimo
1537 3869 1602 3943 pri·

293 3955 355 4030 poli
377 3965 457 4018 1010
475 3957 508 4014 16
523 3956 543 4014 1.
558 3989 603 3999 -
618 3956 790 4016 Victorinus
805 3957 934 4016 116666
961 3977 1042 4017 mum
1059 3959 1174 4035 epilogo
1190 3956 1386 4027 concluditur,
1409 3974 1475 4015 mox
1498 3959 1601 4032 expla-

294 4044 325 4102 0.
343 4045 369 4102 S.
387 4045 519 4104 Benede
534 4045 763 4122 congregatione
780 4046 933 4118 casinensi,
961 4050 1050 4107 natur
1063 4067 1096 4106 ac
1110 4047 1260 4106 firmatur:
1277 4046 1396 4104 demum
1406 4064 1543 4104 unacum
1555 4047 1601 4114 iis,

293 4133 324 4191 in
335 4133 624 4210 pluribusccenobiis
633 4153 654 4193 6.
664 4134 843 4212 theologiam
850 4155 934 4213 mag·
961 4155 1036 4213 qnae
1052 4138 1116 4211 ejus
1132 4155 1219 4194 cansa
1232 4135 1517 4211 scripsitCajetanns
1526 4135 1602 4197 card.

293 4241 331 4281 no
356 4241 424 4281 cum
448 4225 556 4299 plausu
582 4243 675 4282 annos
703 4233 741 4286 20
768 4223 877 4294 docuit,
904 4227 934 4282 66
962 4225 999 4284 ab
1016 4224 1601 4302 omnihus,cnmveropraecipuerecen·

294 4317 388 4370 rarias
411 4331 528 4388 quoque
551 4312 685 4371 abbatias
704 4312 932 4372 administrarit.
960 4313 1097 4382 ticribns,
1115 4313 1167 4388 qni
1182 4313 1218 4370 ad
1234 4314 1308 4372 hanc
1324 4332 1418 4388 usque
1437 4313 1514 4372 diem
1531 4315 1603 4372 sunt

295 4401 427 4460 Clemens
444 4401 521 4463 VllI.
538 4421 605 4460 eum
622 4403 717 4478 primo
734 4402 934 4460 Stabiensium
960 4403 987 4462 ei
998 4403 1136 4472 aversati,
1148 4401 1264 4478 integra
1273 4420 1489 4478 usquequaque
1499 4401 1601 4462 defen·

294 4505 347 4546 seu
373 4490 468 4549 Oastri
494 4491 583 4549 Maris
608 4487 720 4568 (1599)
743 4493 773 4548 66
791 4494 860 4566 post
876 4491 933 4549 ali·
960 4492 1050 4562 ditur,
1072 4491 1206 4550 Venetiis
1233 4501 1314 4552 1600
1338 4491 1370 4548 16
1393 4489 1472 4549 1.-
1488 4491 1602 4569 Grego-

998 4719 1018 4788 1)
1032 4715 1099 4769 Alia
1112 4715 1147 4769 61.
1161 4731 1178 4768 6
1201 4757 1207 4770 .
1229 4714 1343 4786 Ughelli
1365 4713 1448 4769 Italia
1462 4732 1542 4770 sacra
1555 4713 1599 4778 Vl,

332 4785 351 4853 ¹)
365 4783 405 4838 cl.
419 4783 500 4838 Joan.
515 4805 528 4838 a
544 4803 565 4840 6.
579 4785 706 4841 Antonio
720 4784 741 4851 l,
754 4788 813 4841 147.
959 4789 1027 4858 813;
1053 4785 1152 4842 Zedler
1190 4786 1423 4842 niversallcxiccn
1436 4787 1511 4856 XIX,
1524 4789 1599 4844 1087.

330 4859 349 4918 ²)
364 4852 474 4909 Echard
488 4857 521 4920 ll,
534 4859 595 4912 373.
998 4861 1018 4928 ²)
1032 4857 1142 4912 11616666
1156 4858 1190 4924 11,
1204 4861 1264 4916 378.

297 4665 453 4674 —..—.-.—-
