3484 5354
144 326 228 383 1039
504 311 642 382 Georgius
655 314 747 382 snb..
761 313 840 380 ldita,
854 314 939 371 llerlo
954 315 1095 371 Horatius.
1372 339 1455 394 1090

140 496 243 556 addita
258 497 387 577 propriis
410 498 515 568 alisna,
538 498 706 559 illustratos
722 502 784 560 vel·
812 500 1024 576 praescribitur
1039 505 1094 563 etc.
1110 503 1232 564 Parisiis
1252 516 1345 571 1646.
1362 518 1454 573 1648.

138 587 197 644 lam
213 605 316 646 omnes
337 585 448 646 latinos
470 591 579 663 patres,
604 589 660 648 etsi
682 590 783 650 mixtis
815 599 898 653 1650
915 595 937 650 1.
950 590 1039 652 3161.
1056 592 1455 657 Praemittitvindiciaster-

137 674 174 733 sd
197 694 261 734 rem
281 695 342 734 non
365 675 585 751 pertinentibus
603 679 688 754 justo
711 697 782 755 pro·
810 678 990 750 tullianicas,
1008 698 1136 756 quarum
1151 683 1182 741 in
1194 683 1291 758 prima
1306 687 1454 746 curiosius

137 764 254 823 lirion‘
271 760 546 846 Etpauloinfra1):
564 766 782 835 ,8616666616-
810 768 874 845 agit
888 768 925 827 de
941 767 1118 830 Tertulliani
1140 772 1246 847 pstn'a,
1270 773 1452 847 educatione,

135 853 187 913 dio
212 872 267 913 suc
292 856 323 912 et
347 853 521 913 collectione
550 855 782 916 laboriosissima
810 856 918 916 studiis
934 857 1060 934 aliisque
1082 859 1120 918 ad
1136 861 1227 920 vitam
1251 862 1315 938 ejus
1331 867 1452 923 natura·

134 941 243 1013 effecit,
261 945 298 1001 61
307 942 533 1015 Tertullianum,
550 963 610 1021 qua
620 945 781 1006 mendosus
808 946 868 1004 lem
890 948 1110 1023 spectantibus3
1134 949 1168 1008 in
1191 959 1218 1011 2.
1242 970 1272 1027 p.
1294 951 1373 1011 iuter
1394 953 1453 1012 alia

133 1050 195 1091 non
205 1035 261 1102 est,
272 1031 362 1091 etism
372 1031 426 1108 qui
434 1032 606 1104 horrebant,
622 1035 683 1095 imo
692 1035 779 1095 time·
808 1033 996 1110 disquiritur,
1013 1037 1123 1112 quibus
1133 1039 1252 1098 motivis
1269 1039 1451 1101 adchristis·

132 1121 209 1179 bant
224 1125 321 1191 antea,
333 1121 396 1196 jam
411 1121 527 1180 facilem
535 1141 635 1182 amare
651 1123 740 1183 etiam
750 1127 781 1184 et
807 1140 877 1182 nam
892 1124 980 1184 fidem
996 1125 1143 1186 adductus
1159 1126 1272 1188 fueriti
1297 1148 1335 1188 an
1350 1130 1451 1190 stetim

132 1209 469 1286 161611136166666161.ι
489 1211 532 1270 De
548 1213 613 1288 ejus
629 1231 778 1272 commen·
807 1213 1023 1274 econversione
1032 1215 1181 1290 baptismo
1190 1216 1329 1277 initiatus
1340 1219 1451 1280 fueriti

132 1298 210 1357 tario
220 1298 282 1362 inl.
293 1298 429 1374 depellio
439 1297 777 1384 speciatimadvertiti):
807 1319 846 1360 au
861 1304 892 1361 61
900 1321 1022 1362 uxorem
1037 1304 1075 1362 ad
1084 1305 1171 1364 fidem
1187 1308 1333 1366 traxerit?
1349 1309 1450 1368 66116-

133 1385 241 1457 ,Quod
268 1405 344 1462 opus
360 1390 391 1446 ct
412 1389 542 1464 propriis
558 1391 688 1450 auctoris
710 1391 778 1450 dili·
806 1389 912 1450 clasiae
934 1391 1045 1464 doctor,
1069 1413 1107 1453 an
1128 1395 1270 1467 sacerdos,
1295 1417 1332 1454 an
1346 1416 1449 1456 mona·

131 1477 302 1554 gentissimi
317 1480 348 1536 et
368 1476 494 1536 aliorum
517 1478 777 1540 observationibus
806 1479 889 1550 chus,
913 1499 951 1540 an
966 1483 1081 1557 martyr
1100 1482 1213 1542 luerit?
1238 1485 1448 1560 6616161-

131 1565 270 1624 sollerter
285 1565 460 1642 constipatis
475 1568 607 1626 meretur
629 1570 777 1628 accenseri
805 1568 926 1628 tulliani
941 1569 1079 1628 doctrina
1100 1573 1225 1647 ejusque
1248 1574 1367 1650 scriptis
1387 1577 1448 1633 tarn

130 1655 689 1731 utilissimisantiquitatiillustrandse
697 1677 775 1717 com·
805 1657 998 1734 apologeticis
1015 1678 1104 1734 quam
1127 1661 1278 1736 polemicis
1298 1667 1330 1722 st
1345 1683 1447 1739 perae·

129 1744 315 1810 mortariis}
347 1742 499 1828 Nourryi)
513 1764 583 1805 vero
599 1747 694 1822 carpit
706 1747 775 1806 inu-
804 1747 911 1806 6611616
921 1747 992 1824 agit.
1009 1747 1057 1806 Ita
1073 1749 1220 1808 66166116
1234 1752 1368 1812 doctrina
1382 1753 1447 1828 ejus

128 1833 197 1892 tiles
221 1851 254 1891 ac
277 1835 426 1912 longiores
449 1854 467 1893 a
487 1835 641 1912 proposito
664 1835 775 1896 alienas
804 1852 835 1893 se
851 1854 937 1912 agere
953 1837 1119 1912 profitetur,
1142 1842 1179 1898 ut
1193 1841 1258 1914 ejus
1281 1859 1394 1902 errores
1415 1842 1447 1902 in

128 1921 336 1999 digressiones,
362 1923 442 1998 quod
463 1927 580 1983 textum
602 1943 661 1984 nou
685 1925 774 1985 casti·
804 1923 911 1983 bonam
942 1929 1057 2000 partem
1094 1927 1287 2004 interpretari
1322 1931 1446 1990 nitatur.

126 2011 245 2087 gaverit
269 2011 306 2070 ad
330 2030 400 2072 mss.
426 2013 525 2084 codd,
552 2032 649 2090 neque
674 2014 774 2073 omnia
801 2012 881 2071 Haec
895 2017 995 2072 tamen
1011 2015 1054 2073 ed.
1071 2034 1131 2076 non
1146 2019 1223 2078 tanti
1234 2013 1309 2098 fitl),
1326 2037 1380 2078 nec
1396 2019 1445 2077 de·

126 2098 256 2158 ediderit
280 2119 372 2176 opera
402 2105 454 2160 etc.
493 2101 595 2162 Refert
627 2103 771 2163 Schoene·
802 2103 1069 2180 suntquicarpaut
1087 2107 1444 2168 annotationumadnau·

126 2183 249 2269 mann4)
266 2208 333 2248 raro
348 2189 380 2248 in
404 2189 590 2251 bibliothecis
612 2192 772 2251 refertissi·
800 2209 986 2268 scamusque
995 2193 1205 2268 prolixitatem.
1225 2195 1348 2256 1111666.
1357 2197 1445 2256 Paesti

124 2278 181 2336 mis
199 2285 217 2338 2
234 2278 308 2336 istos
317 2278 361 2337 La
369 2278 478 2337 Gerdae
492 2283 514 2338 t.
530 2280 666 2351 inveniri,
677 2283 772 2340 rarius
799 2280 948 2356 theolopia,
964 2281 1101 2356 positiva,
1126 2284 1246 2344 moralis
1263 2287 1293 2344 et
1314 2285 1442 2364 mystica

126 2366 257 2426 secundo
272 2367 403 2442 primum
415 2367 527 2426 sociari
539 2403 579 2412 —
590 2371 772 2430 Adversaris
799 2385 854 2426 esu
869 2369 1028 2447 omnigena
1049 2371 1082 2430 in
1097 2389 1120 2430 s.
1136 2372 1222 2432 Pauli
1238 2393 1283 2450 ap.
1300 2375 1443 2451 epistolas

125 2474 222 2526 sacra,
238 2455 439 2530 opusvarium
455 2458 593 2516 acveluti
609 2458 655 2517 iar
672 2459 708 2517 ad
724 2459 770 2518 lu·
799 2459 1018 2528 commentaria,
1034 2459 1073 2518 ib.
1094 2470 1284 2528 1649.1650
1302 2467 1325 2527 t.
1343 2473 1360 2527 3
1377 2465 1442 2523 inf.

125 2562 189 2602 cem
205 2563 296 2619 quam
319 2546 483 2605 multorum
507 2547 639 2606 locorum
655 2549 769 2607 utrius·
797 2546 935 2606 Paratam
945 2548 1074 2608 habebat
1083 2550 1264 2628 theologiam
1272 2571 1308 2611 ss.
1319 2554 1442 2628 patrum

123 2651 184 2708 quc
199 2632 395 2694 instrumenti
408 2641 588 2712 patrumque
604 2640 634 2695 61
644 2637 769 2712 scripto·
797 2635 829 2692 in
848 2645 865 2698 6
883 2639 906 2695 t.
921 2638 953 2695 in
969 2638 988 2695 f.
1005 2637 1209 2711 distributam,
1235 2660 1324 2716 quam
1346 2645 1441 2700 morte

121 2741 192 2781 rum
209 2741 469 2799 quorumcunque:
487 2725 664 2786 christianae
687 2727 768 2786 anti·
797 2729 975 2799 praeventus
1006 2729 1116 2803 praelis
1141 2730 1328 2790 submittere
1359 2730 1440 2790 haud

122 2811 252 2886 quitatis
268 2814 299 2870 et
313 2829 352 2874 ss.
366 2813 481 2872 rituum
501 2816 668 2891 pancarpia‚
695 2815 768 2892 poli·
796 2813 898 2873 valuit.

120 2899 209 2959 tioris
240 2899 368 2977 denique
398 2901 570 2962 literaturae
608 2904 767 2964 thesaurus

120 2989 290 3064 multiplex.
307 2990 440 3049 Accessit
451 2993 583 3067 psalterii
601 2992 766 3052 Salomonis
841 3000 913 3054 468.
931 2992 1051 3053 Praeter
1066 2996 1127 3066 hos,
1145 3013 1219 3071 quos
1232 2997 1319 3055 rnodc
1335 2997 1436 3056 lauda-

120 3095 155 3136 ax
181 3096 287 3155 graeco
311 3097 365 3138 ms.
389 3081 450 3142 cod.
474 3084 646 3157 pervetusto
672 3082 766 3142 latins
794 3079 902 3151 vimus,
920 3083 1070 3143 mentione
1080 3084 1163 3161 digni
1174 3084 1272 3144 adhuc
1281 3087 1438 3144 sunttDo·

40 3208 45 3220 .
118 3167 260 3226 16661061
276 3167 765 3246 achrtullianil.depalliocom-
794 3169 921 3229 minicae
945 3171 1040 3230 Mite
1065 3173 1251 3250 Ugutionelli
1283 3173 1437 3248 parochus,

118 3256 286 3315 1666161166
295 3259 418 3328 auctior,
435 3257 575 3336 Lugduni
587 3269 669 3322 1626
687 3261 718 3319 16
729 3261 764 3332 1.;
793 3263 880 3318 66166
896 3259 993 3336 legum
1011 3263 1041 3318 et
1057 3261 1113 3319 fori
1130 3261 1230 3320 studio
1240 3261 1367 3331 deditus,
1384 3263 1437 3336 qui

117 3345 154 3402 dr
170 3347 335 3405 excelieutio
356 3349 516 3407 molestiam
538 3350 707 3424 spirituum,
733 3351 765 3409 in
793 3345 872 3406 Petri
890 3349 1056 3426 Chrysoiopi
1078 3367 1221 3408 eumenes
1242 3351 1277 3408 ad
1300 3353 1436 3410 vetustos

116 3433 224 3509 primis
241 3435 278 3494 de
292 3437 391 3513 angeli
406 3437 541 3496 custodis
550 3438 718 3497 ministerio
734 3439 762 3510 1,,
792 3435 905 3496 codices
921 3439 1089 3515 recognitos
1106 3441 1137 3497 et
1159 3437 1223 3497 suis
1239 3437 1360 3497 scholiis
1375 3457 1437 3499 non

117 3522 240 3581 Parisiis
261 3533 338 3587 1631
359 3525 392 3584 in
410 3536 449 3589 6.,
793 3523 952 3584 admodum
969 3526 1062 3586 doctis
1082 3527 1254 3587 enucleatos
1269 3527 1366 3586 edidit
1378 3528 1435 3588 Bo·

791 3615 897 3672 noniae
916 3624 999 3676 1643
1016 3617 1094 3687 164;
1111 3616 1245 3676 Venetiis
1267 3617 1435 3680 174661-

163 3709 238 3763 461.
260 3701 345 3760 Alter
367 3706 414 3761 est
429 3702 618 3781 Georgius
640 3704 761 3763 Ambio·
787 3702 859 3777 jecit
880 3706 969 3762 citam
983 3704 1065 3762 Petri
1082 3705 1257 3783 chrysologi
1279 3725 1314 3764 er
1336 3705 1435 3782 ipsius

115 3789 217 3848 nensis
234 3789 267 3849 Ο.
284 3790 360 3867 Gap,
383 3791 429 3850 sir
448 3791 522 3851 mire
544 3792 713 3851 industrius
731 3791 762 3874 (†
790 3790 919 3850 homiliis
929 3796 959 3851 et
968 3795 1058 3852 variis
1068 3795 1248 3871 scriptorum
1258 3813 1434 3854 monumen·

118 3874 228 3958 1657),
241 3878 760 3956 testeGenusnsi,quieditioni‘l'er-
789 3879 829 3938 116
844 3883 911 3940 tum
934 3881 1088 3958 impressis
1105 3887 1171 3943 tum
1194 3903 1263 3946 mss.
1284 3885 1433 3960 conquisi-

112 3967 236 4028 tulliaui
247 3968 400 4044 inscripsit
410 3969 550 4030 titulum:
566 3971 761 4030 Tertullianus
788 3971 858 4038 tam,
877 3971 1030 4030 collectam
1047 3976 1078 4032 61
1093 3973 1254 4032 ordinatim
1277 3973 1431 4050 digestam.

112 4059 259 4116 redivivus
268 4057 387 4116 scholiis
396 4061 427 4118 et
435 4059 677 4119 annotationibus
689 4060 758 4119 illu·
787 4091 831 4100 -
854 4057 951 4132 opera
973 4081 995 4119 s.
1018 4061 1167 4120 Beruordi
1187 4061 1433 4120 annotationibus

113 4149 237 4217 stratus,
262 4146 370 4222 inquo
392 4147 552 4224 utriusque
571 4149 649 4224 juris
666 4149 759 4207 forma
787 4145 939 4206 illustrata
955 4148 1089 4208 Coloniae
1109 4159 1189 4211 1641
1209 4150 1241 4208 16
1256 4149 1292 4220 f.;
1308 4149 1431 4208 Parisiis

111 4236 148 4293 ad
164 4235 311 4312 originem
327 4254 411 4294 suam
427 4239 600 4295 recensetur
616 4241 646 4296 et
662 4237 758 4296 avitae
790 4243 889 4305 16423
912 4236 1052 4313 Lugduni
1077 4247 1160 4300 1619
1184 4237 1278 4296 edidit
1301 4236 1431 4296 Jacobus

111 4323 233 4398 pietatis
256 4325 437 4384 amatoribus
462 4324 631 4402 inquirendi
655 4345 757 4385 norma
786 4321 903 4385 Merlo
927 4325 1072 4384 oriundus
1097 4343 1132 4384 er
1148 4325 1242 4384 Horat
1262 4326 1295 4384 in
1320 4325 1432 4384 ducatu

112 4445 275 4458 —-—-—-
785 4413 945 4490 geldriensi
963 4409 1027 4496 (24.
1044 4415 1105 4474 Jul.
1127 4412 1234 4494 1597),
1254 4415 1324 4473 hinc
1338 4413 1430 4472 Hor-

149 4516 167 4584 ι1
182 4511 225 4568 lb.
238 4511 275 4566 ad
288 4511 307 4565 l.
319 4518 337 4569 4
351 4529 377 4568 v.
390 4517 452 4571 414.
785 4502 881 4562 61166
897 4503 1004 4562 dictus.
1022 4503 1075 4562 Vir
1084 4506 1150 4562 erat
1159 4503 1278 4579 pietatis
1289 4503 1427 4580 insignis,

146 4590 166 4652 ²)
180 4584 222 4638 lb·
235 4584 273 4638 sd
285 4584 304 4638 l·
318 4589 335 4642 3
348 4603 374 4639 V·
391 4589 452 4643 153·
784 4591 836 4665 qui
852 4595 887 4650 61
903 4611 971 4651 6666
987 4596 1018 4652 61
1041 4593 1167 4651 aliorum
1190 4592 1281 4650 saluti
1305 4591 1427 4652 liberius

146 4659 168 4726 8)
180 4655 297 4710 Dissert.
317 4656 348 4710 iu
361 4655 478 4715 Tertirll.
490 4655 612 4782 Apolog.
625 4676 648 4712 c.
661 4663 678 4716 3
691 4675 716 4714 a.
729 4663 755 4715 3.

146 4729 167 4798 ⁴)
177 4726 212 4781 ln
221 4726 353 4782 biblioth.
364 4727 430 4783 hist.
441 4726 515 4788 lit,P
540 4767 547 4782 .
557 4728 606 4784 lat.
616 4729 657 4785 Cf.
668 4731 755 4784 etiam

107 4797 292 4868 Harerkamp
305 4797 336 4852 in
346 4801 434 4868 praef.
448 4799 485 4854 ad
496 4800 610 4857 Tertull.
621 4801 754 4872 Apolog.;
822 4801 840 4880 Ι)
854 4797 896 4851 Of.
906 4797 1021 4867 Nourry
1034 4798 1143 4856 dissert.
1155 4798 1192 4852 sd
1200 4799 1317 4860 Γ1611611,
1326 4799 1429 4869 Apolo-

107 4869 319 4940 Sommervogel
331 4869 366 4936 11,
380 4874 512 4929 ssa-90.
783 4871 907 4938 geticum
921 4869 1019 4928 (136.
1033 4875 1059 4928 2.

216 4967 314 5026 liurter,
334 4969 503 5017 Nomcuclator
519 4971 561 5017 llI.
575 4971 613 5017 ed.
627 4971 652 5017 3.
1229 4964 1263 5018 35
