3486 5358
138 281 201 332 913
659 263 784 320 loannes
796 265 831 322 de
844 265 932 337 Lago.
1388 285 1452 338 914

138 449 248 528 logium
257 447 419 510 vallisoleti
429 450 645 526 prolessnsest
662 451 782 512 Romam
795 447 907 512 ldebat.
923 451 1088 528 Pauperurn
1100 469 1169 510 vere
1185 449 1302 510 exstitit
1311 455 1404 528 pater,
1421 451 1453 510 iu

138 541 280 599 evocatus
306 533 419 620 (1621)
445 558 592 600 annornm
619 549 659 604 20
686 542 784 618 spatio
810 558 886 616 qnos
903 540 938 600 de
953 539 1155 610 facultatibus,
1173 539 1453 616 quibnsuouvalde

138 627 238 686 tenuit
247 626 416 687 cathedram
431 627 600 706 theologiae
615 630 647 688 in
657 630 783 707 collegio
810 629 997 690 abundanter
1005 627 1171 689 instructus
1180 631 1253 699 erat,
1271 629 1454 705 supramille

139 734 258 777 murano
283 718 369 776 tanta
390 717 517 778 nominis
541 719 723 791 celebritate,
749 721 785 778 ut
810 737 913 778 aureos
924 717 1052 795 singulis
1062 718 1147 777 aunis
1155 719 1304 795 erogabat.
1315 717 1453 778 llorienti

139 807 203 881 ejus
219 804 333 866 dictata
347 806 385 864 ab
401 807 632 868 amanuensibus
648 811 784 886 excerpta
811 808 919 867 ultima
934 809 1117 866 sacramenta
1137 807 1360 866 administravit
1375 807 1454 866 card.

139 896 171 954 in
186 894 260 954 alias
275 913 395 970 qnoque
417 895 531 958 fuerint
546 898 724 958 transmisse
738 917 784 957 rs·
813 895 922 956 Stortia
937 895 1111 956 Pullaricini
1134 915 1207 956 snus
1228 895 1299 954 olim
1322 896 1354 954 in
1369 896 1453 955 theo·

139 985 248 1061 giones.
264 983 336 1042 Erat
359 983 471 1061 qnippe
487 986 518 1044 in
540 986 702 1064 seligendis
722 1006 783 1046 me·
811 985 890 1062 logia
898 985 1112 1048 dilectisimus
1122 985 1299 1062 discipulus.
1316 985 1453 1044 Animam

140 1071 265 1132 lioribns
288 1073 446 1132 sententiis
461 1076 639 1150 praestantis
659 1075 784 1152 jndicii;
812 1075 872 1134 Deo
896 1074 1028 1136 reddidit
1045 1083 1095 1138 20.
1112 1076 1188 1151 Aug.
1207 1075 1454 1138 lewenstein

140 1163 171 1221 in
187 1160 369 1237 explicandis
385 1162 490 1222 iisdem
506 1163 629 1226 eximias
639 1164 784 1226 claritatis
815 1172 865 1227 77.
881 1163 1006 1239 Sepeliri
1022 1163 1118 1222 voluit
1135 1163 1173 1222 ad
1188 1163 1277 1240 pedes
1294 1181 1317 1220 s.
1334 1163 1453 1239 Ignatii,

141 1255 253 1310 etcum
269 1251 486 1327 perspicuitate
498 1253 699 1331 conjungebat
715 1272 785 1314 con·
813 1256 849 1313 nt
865 1252 1045 1322 ,ubiluerat
1055 1253 1217 1312 thesaurus
1231 1251 1306 1327 ejus,
1324 1252 1366 1310 ibi
1376 1256 1455 1314 esset

141 1358 246 1416 mnam
267 1339 454 1404 brevitatem.
479 1341 536 1400 Sed
556 1345 593 1402 ut
615 1343 718 1413 literis,
742 1344 786 1402 666
813 1361 863 1402 666
876 1343 972 1417 ejus‘‚
988 1345 1024 1400 ut
1037 1341 1163 1418 legimus
1179 1339 1383 1417 inepitsphio.
1397 1341 1454 1400 llx-

141 1429 785 1509 praelncebatomnibusvirtutumexemplo‚
813 1431 996 1490 cultissimus
1026 1429 1086 1490 fnit
1109 1429 1141 1488 iu
1170 1429 1321 1506 theologia
1341 1430 1455 1489 schola·

142 1520 171 1576 st
186 1518 322 1576 intentus
338 1519 401 1578 suis
417 1518 521 1579 officiis
536 1525 567 1582 et
583 1521 691 1582 studiis
707 1522 785 1582 curis
814 1520 888 1578 stica
903 1525 933 1578 st
950 1518 1065 1588 morali,
1090 1518 1163 1594 ,qui
1185 1520 1253 1594 post
1269 1518 1296 1576 d.
1313 1519 1456 1578 'lhomam

141 1606 207 1666 aliis
223 1624 284 1666 non
301 1625 332 1665 se
347 1607 531 1683 implicabat,
548 1610 607 1670 uisi
617 1610 787 1672 obedientia
813 1627 873 1668 non
888 1611 998 1668 temere
1013 1607 1093 1668 inter
1108 1607 1180 1666 alios
1203 1607 1355 1685 theologos
1369 1607 1455 1666 facila

142 1695 179 1754 ad
194 1696 249 1754 hoc
264 1694 351 1756 illum
375 1697 555 1774 impulisset.
577 1701 649 1759 Post
665 1717 786 1760 excusos
814 1698 950 1774 princeps
975 1696 1035 1757 dici
1060 1697 1172 1773 potest,
1204 1713 1273 1756 oum
1297 1697 1330 1754 iu
1357 1696 1456 1756 dubiis

142 1789 202 1844 tres
224 1787 320 1843 tomos
343 1804 412 1844 cum
430 1787 616 1862 judicaretur
639 1789 785 1864 expedire,
813 1785 1008 1846 discutiendis
1033 1786 1082 1844 hic
1106 1789 1209 1846 auctor
1238 1803 1341 1861 saepe,
1373 1786 1456 1846 nullo

142 1877 177 1932 nt
191 1877 212 1932 t.
235 1885 260 1936 l.
278 1873 314 1932 de
325 1875 396 1949 jure
406 1879 436 1936 et
449 1876 571 1951 justitia
580 1878 699 1938 Urbano
708 1877 787 1940 VIII.
813 1877 985 1952 praeeunte,
1001 1875 1106 1934 falcem
1117 1874 1345 1934 itaadradicem
1355 1879 1455 1950 ponat,

141 1961 301 2032 dedicaret,
324 1982 358 2022 ea
374 1966 526 2026 occasione
548 1985 665 2026 necesse
681 1966 788 2027 habuit
814 1969 850 2024 ut
863 1964 1003 2035 rationes,
1026 1982 1100 2041 quas
1122 1964 1234 2040 ipsein
1258 1963 1387 2023 medium
1404 1963 1455 2022 ad·

142 2051 222 2110 adire
238 2071 388 2112 summum
404 2053 582 2129 pontificem,
604 2075 692 2132 quem
709 2074 787 2116 unu·
814 2053 905 2124 ducit,
922 2053 1082 2113 difficulter
1098 2047 1357 2133 solviqneant1).‘
1374 2052 1455 2111 Alio-

143 2159 231 2216 quam
242 2142 331 2200 autea
339 2141 437 2202 inerat
448 2143 604 2207 allocutus.
614 2144 787 2204 Delectatus
814 2163 882 2202 rum
897 2143 1104 2220 theologorum
1120 2141 1273 2219 opiniones
1296 2143 1387 2216 atque
1410 2160 1456 2200 ar·

143 2229 283 2289 Urbnnns
298 2229 377 2288 VIII.
393 2235 424 2290 et
445 2232 522 2292 libro
537 2237 568 2292 et
584 2234 742 2309 prudentia
757 2237 788 2294 et
815 2233 955 2309 gomma
972 2235 1125 2292 accuratae
1141 2230 1227 2307 plens
1240 2234 1329 2306 atque
1345 2229 1456 2290 solidae

141 2318 277 2378 doctrina
285 2319 390 2395 patris,
402 2339 489 2397 saepe
499 2323 689 2398 postmodnm
699 2339 788 2400 opera
815 2322 883 2380 crisi
909 2320 1041 2395 subjicit,
1073 2338 1209 2396 quaeque
1233 2319 1260 2378 ei
1282 2318 1455 2395 probentur,

143 2408 224 2467 illius
240 2426 313 2468 osus
329 2414 391 2468 est:
408 2409 536 2486 deniqne
551 2429 604 2470 uec
620 2412 788 2488 praemoni-
814 2411 934 2487 expolit,
946 2408 1357 2486 ultimaquerelutispposita
1366 2426 1457 2468 mauu

142 2503 208 2556 tum
224 2515 280 2557 nsc
294 2497 343 2556 vel
359 2499 510 2560 levissime
520 2501 673 2577 quidpiam
689 2502 786 2580 suspi·
815 2499 939 2576 perficit,
955 2499 1074 2558 616666
1087 2498 1364 2574 iuqnaestionibus‚
1381 2517 1457 2574 quas

142 2590 259 2646 6666666
276 2586 455 2648 cardinalem
477 2589 638 2650 declararit
658 2599 704 2654 14.
721 2591 786 2650 Deo.
814 2589 879 2666 ipae
903 2589 1074 2664 pertractat,
1099 2587 1298 2663 praetermitti
1318 2591 1456 2662 nequeat.

147 2684 239 2738 1643.
264 2674 339 2735 Erat
361 2679 435 2737 tunc
459 2678 536 2738 forte
558 2679 595 2738 (16
615 2680 698 2758 hugo
719 2698 787 2740 cum
815 2678 992 2738 Prodierunt
1006 2678 1071 2753 ejus
1081 2695 1171 2753 opero
1179 2673 1305 2757 amant)
1317 2676 1457 2753 lugduni

141 2764 249 2824 ceteris
265 2765 402 2839 patribus
418 2767 450 2826 in
465 2767 597 2828 triclinio
607 2768 786 2844 prandebat·
819 2776 901 2832 1652
914 2772 935 2827 t.
946 2777 964 2829 'l
976 2767 1008 2827 in
1017 2766 1038 2826 f.
1051 2763 1097 2847 (fr.
1112 2763 1202 2848 150);
1219 2765 1351 2826 Venetiis
1363 2773 1455 2837 17183

142 2871 200 2930 que
226 2853 279 2912 sed
295 2855 465 2928 parcissime
481 2875 563 2916 mors
579 2875 643 2926 suo,
669 2857 787 2933 qnando
820 2866 899 2920 1751
919 2876 946 2919 v.
965 2867 981 2918 7
1001 2855 1032 2914 66
1048 2855 1084 2927 l.;
1103 2855 1225 2915 Parisiis
1245 2864 1327 2920 1668
1344 2874 1371 2913 v.
1390 2863 1407 2916 8
1426 2854 1459 2913 in

142 2942 253 3002 allatus
269 2942 306 3002 de
322 2945 509 3018 promotione
524 2947 652 3006 nuncius
675 2949 706 3005 at
721 2966 788 3006 mox
816 2954 845 3008 4.
860 2945 1006 3006 Editionis
1029 2947 1153 3006 venetae
1177 2949 1198 3002 t.
1226 2956 1251 3006 1.
1274 2947 1305 3002 et
1328 2953 1356 3005 2.
1379 2962 1458 3004 com·

139 3031 313 3090 submissus
329 3051 346 3090 s
361 3033 440 3093 eard.
457 3035 611 3096 Francisco
625 3035 787 3096 Barbarino
815 3033 957 3110 plectitur
988 3033 1204 3110 disputationes
1235 3034 1269 3092 dc
1291 3035 1404 3106 justitia
1434 3041 1459 3091 ct

140 3139 248 3180 cunas
268 3138 334 3180 oum
355 3123 461 3192 literis,
481 3123 591 3199 quibus
610 3125 789 3184 evocabatur
809 3124 901 3198 jum
926 3141 1001 3200 opus
1018 3121 1250 3192 solidissimum
1273 3122 1352 3180 sicut
1367 3125 1397 3180 et
1413 3139 1458 3180 se-

141 3211 243 3270 statim
253 3208 478 3285 adpontffimm,
487 3214 615 3276 attonito
626 3233 694 3273 eum
705 3214 788 3273 simi·
816 3230 911 3288 queue
922 3206 978 3294 (3.)
988 3211 1207 3288 disputationes
1220 3209 1413 3270 scholasticae
1429 3215 1459 3268 et

142 3300 200 3360 lom
216 3297 421 3360 reddiderunt.
437 3302 542 3360 Paruit
551 3305 653 3364 tamen
663 3303 786 3378 ivitque.
815 3301 941 3360 66666166
957 3301 991 3360 dc
1005 3302 1107 3358 6666666
1121 3299 1189 3373 fidei
1203 3300 1337 3370 diuinam
1353 3307 1382 3361 4.
1398 3298 1458 3358 dis-

141 3387 260 3448 sednec
269 3389 426 3448 nuncianti
435 3389 634 3462 honorarium,
649 3397 685 3452 66
696 3391 787 3452 moris
815 3393 880 3466 put
906 3388 1096 3449 scholasticas
1120 3388 1155 3448 dc
1180 3389 1380 3447 incarnatione
1385 3407 1399 3458 ,·
1431 3399 1459 3450 5.

140 3481 197 3548 est,
214 3475 280 3536 dari
295 3477 399 3548 voluit,
426 3497 460 3539 eo
476 3479 556 3556 quod
571 3499 632 3540 rem
656 3481 712 3541 sibi
728 3499 788 3540 uon
816 3479 927 3555 disput.
952 3477 1143 3540 scholasticae
1165 3481 1196 3536 66
1211 3476 1339 3537 morales
1362 3477 1396 3534 dc
1411 3495 1460 3536 66-

140 3569 260 3643 gratam
285 3565 459 3637 detulisset,
484 3587 538 3628 nec
563 3570 747 3630 vacationem
771 3589 789 3628 a
816 3569 973 3628 6666666666
995 3569 1026 3626 in
1046 3585 1166 3646 genem
1188 3567 1222 3626 de
1240 3585 1299 3626 666.
1315 3565 1461 3625 Euchari-

141 3653 251 3715 scholis
267 3659 321 3714 sut
336 3656 396 3716 alia
418 3657 549 3717 laetitiae
573 3659 658 3736 signa
680 3658 713 3718 iu
730 3659 788 3718 ool·
816 3660 890 3717 66666
906 3663 1086 3716 sacramento
1103 3664 1128 3716 61
1146 3657 1180 3715 dc
1195 3662 1377 3716 6666666666
1387 3655 1460 3714 6166-

140 3743 220 3822 legio
236 3761 360 3805 romano
376 3745 489 3805 edenda
499 3747 657 3822 judicarit,
675 3751 705 3806 et
721 3747 788 3806 rhe·
815 3765 866 3806 666
880 3747 1023 3820 6666616666
1026 3768 1040 3821 ,·
1057 3756 1083 3808 6.
1101 3747 1213 3823 disput.
1224 3744 1414 3806 scholasticas
1430 3747 1461 3803 66

139 3833 218 3902 dam,
244 3852 307 3909 qua
328 3838 433 3894 vectus
456 3837 511 3906 est,
535 3853 624 3895 suum
646 3837 789 3896 feretrum
815 3835 943 3896 morulas
957 3836 993 3895 ds
1007 3837 1111 3894 666666
1125 3842 1151 3893 et
1165 3841 1345 3894 6666666666
1355 3836 1458 3908 poeui-

138 3922 306 3999 appellavit
330 3922 368 3982 ad
384 3923 562 4000 sepulcrum.
587 3925 715 3986 Nonnisi
740 3945 786 3985 ex·
816 3928 938 3998 tedium
959 3925 1032 3984 item
1048 3925 1083 3982 dc
1096 3924 1248 4000 suffragiis
1264 3931 1289 3982 66
1310 3924 1459 3998 indulcen-

138 4029 244 4088 presso
252 4011 403 4088 pontificis
411 4017 568 4089 praecepto
576 4015 678 4076 induci
688 4015 789 4091 potnit
815 4015 886 4086 tiie,·
914 4023 940 4075 7.
965 4031 1169 4090 responsorum
1194 4013 1349 4070 irrorantiam
1373 4012 1401 4068 ll.
1429 4015 1459 4086 6,

137 4101 177 4160 ad
209 4103 328 4160 tantm
359 4101 566 4177 acceptandum
602 4104 787 4181 dignitatem.
816 4122 891 4180 quos
907 4103 1002 4162 edidit
1011 4101 1262 4178 nonnisiurgonte
1271 4099 1459 4162 Pallavioiuo.

139 4189 254 4250 Verum
279 4208 416 4266 purpura
438 4190 565 4252 indutus
589 4192 788 4253 humilitatem
815 4193 905 4251 Plura
915 4191 1045 4268 ejusdem
1057 4193 1327 4267 operamuuseruul
1337 4187 1458 4250 inedita.

137 4278 314 4356 religiosam
330 4297 391 4339 non
407 4279 531 4350 dimisit,
555 4300 652 4357 neque
668 4281 787 4357 pietatis
815 4329 974 4341 -.-

133 4367 281 4428 exercitia
297 4368 437 4470 aregulis
447 4370 631 4446 praescripta
639 4371 786 4448 neglexit:
855 4400 874 4468 ι)
888 4397 931 4449 pta
943 4411 964 4449 Β,
977 4393 1062 4464 Alpp
1080 4393 1205 4464 pignori,
1226 4393 1311 4448 theol,
1331 4393 1460 4452 m01,1‚3

132 4476 259 4516 sacrum
270 4457 406 4532 quotidie
416 4458 577 4535 qnoadper
586 4459 787 4520 valetudinem
815 4487 842 4522 n.
853 4470 913 4524 662.
928 4465 1001 4520 11666
1013 4465 1073 4520 sola
1081 4465 1207 4536 Lagonia
1219 4465 1391 4520 auctoritate
1405 4465 1460 4520 fac-

136 4546 230 4605 liouit
244 4545 414 4605 celebrabat
428 4551 459 4607 et
468 4555 536 4626 post
551 4548 626 4607 illud
638 4567 725 4624 saepe
735 4567 788 4624 per
815 4541 877 4594 lum
891 4540 942 4604 0⁸&
957 4536 1098 4663 Ulplffl'ffl
1117 4537 1266 4608 ⁰Pi¹²i0110⁸
1286 4539 1352 4591 ³³⁶0
1366 4537 1460 4591 ¹1¹5¹¹¹¹⁸

134 4636 243 4694 horem
254 4633 288 4692 in
298 4635 461 4713 gratiarnm
470 4639 585 4696 actione
594 4637 787 4714 transigebat.
815 4609 1460 4749 ferssbgfliffiheaffigizg·ngirflyfllssl?¹;¹6¹3l¹ssi0·

133 4723 186 4784 Ad
197 4723 339 4783 exercitia
355 4725 523 4802 spiritualia
539 4725 570 4786 in
586 4726 672 4787 domo
689 4726 789 4804 aliquo
860 4759 881 4819 6)
902 4753 1088 4823 Singulorum
1113 4768 1129 4807 0
1152 4768 1231 4808 erum
1257 4751 1397 4807 editiones
1422 4753 1458 4809 cf,

131 4813 375 4873 societatislesu
385 4814 521 4874 obeunda
535 4816 696 4890 quotannis
707 4834 786 4876 sece-
815 4824 894 4894 apud
906 4823 1115 4894 Sommervogel
1128 4769 1163 4890 il,
1176 4827 1309 4882 176-80.
