3500 5348
263 297 324 351 603
668 279 853 333 moi-4620.
867 273 1020 345 Theologia
1034 273 1191 344 pastoralis.
1510 293 1575 346 504

260 460 382 545 usui«
414 463 451 520 Et
480 462 591 520 iterum
621 461 658 520 de
688 479 722 520 eo
753 458 900 533 acubitu:
928 479 1005 535 quas
1029 460 1217 538 Augustinus
1241 460 1377 519 Valerius
1400 462 1575 520 veronensis

262 552 376 621 ,Quem
398 553 592 610 uenientum
614 549 714 608 schola
729 548 900 618 casinensis,
930 548 1055 607 antistes
1070 549 1103 607 in
1124 549 1230 610 crediti
1252 549 1312 608 sibi
1332 549 1438 626 populi
1460 549 1575 610 bonum

262 641 314 700 sad
329 641 450 701 ecclesie
473 658 594 699 romana
616 639 695 697 inter
719 638 901 714 praecipuos,
929 637 1060 714 peregit:
1086 637 1282 708 humanitate,
1299 639 1432 710 cantate,
1456 639 1575 698 concio·

261 747 336 805 quos
352 749 485 806 unquam
495 726 610 799 habuit,
626 726 792 804 theologiae
807 743 901 786 mora·
930 726 1019 786 nibus
1036 726 1136 796 saeris,
1152 727 1299 802 praeibas,
1317 728 1449 798 consilio,
1466 727 1577 786 officiis

262 819 299 878 lis
320 819 455 878 doctores
477 835 635 876 numerare
647 817 715 893 jure
739 835 772 876 ao
796 815 903 874 merito
930 833 1039 886 omnes,
1056 815 1114 890 piis
1130 815 1342 893 largitionibus
1364 835 1510 892 pauperes
1522 817 1577 892 ju·

261 912 368 984 potest,
383 907 443 966 nisi
463 907 664 982 principatum
688 904 734 962 illi
757 903 903 982 assignari
931 903 985 974 vit,
1007 905 1142 981 ipsorum
1155 921 1262 981 parens
1277 907 1309 964 et
1331 907 1417 965 tutor
1441 906 1577 983 appalla-

261 997 341 1056 velit
356 997 386 1054 Is
402 995 550 1072 siquidem
559 993 670 1071 insigni
686 1012 773 1070 opere
788 993 902 1052 studio·
931 996 991 1055 tus.
1010 993 1170 1052 Grassente
1185 999 1269 1070 peste
1283 993 1365 1054 vitae
1381 994 1537 1072 prodigus,
1554 1013 1577 1054 s

261 1105 320 1161 que
345 1085 489 1144 indefesso
519 1083 713 1143 conscientiae
743 1101 838 1154 casus,
869 1085 904 1140 ut
932 1081 1028 1142 Caroli
1043 1082 1203 1142 cardinalis
1220 1083 1342 1142 sedulus
1365 1087 1396 1142 et
1410 1083 1508 1144 fidelis
1525 1103 1576 1144 aa·

262 1178 377 1244 vocant,
402 1173 531 1252 collegit,
561 1171 818 1249 pulcherrimaque
841 1189 902 1230 ma·
931 1171 1070 1244 mulator,
1088 1171 1303 1249 languentibus
1323 1175 1355 1232 et
1376 1172 1577 1233 morientibus

262 1263 353 1322 thodo
361 1265 392 1322 et
401 1263 551 1322 industria
564 1261 707 1338 singulari
716 1261 760 1320 itu
769 1259 903 1340 digessit,
933 1279 1019 1335 opem
1035 1260 1154 1320 loturus
1170 1259 1291 1332 aderat3
1317 1261 1471 1338 pudicitia,
1488 1262 1577 1322 inno·

263 1355 299 1410 ut
314 1353 421 1412 uetans
446 1351 595 1422 omnihus,
618 1353 767 1426 quotquot
789 1350 826 1409 de
851 1349 905 1411 hac
932 1348 1175 1424 centis,justitiA,
1192 1349 1284 1408 animi
1299 1349 1484 1421 fortitudine,
1501 1351 1577 1410 lihe-

262 1442 387 1500 mataria
403 1441 593 1516 scripserunt,
618 1439 772 1500 doctorum
791 1437 905 1515 judicio
933 1437 1304 1515 talitetevigililantiaque
1322 1439 1440 1498 enituit
1457 1440 1577 1500 Discor-

263 1530 391 1606 palmam
407 1530 606 1606 praeripuisse
630 1528 776 1588 videatur.
807 1528 855 1586 lta
870 1529 906 1586 ut
932 1527 1049 1585 diarum
1071 1525 1149 1586 faces
1173 1531 1204 1586 at
1225 1527 1353 1588 arminia
1374 1527 1510 1588 odiorum
1529 1529 1578 1588 in·

263 1618 375 1695 dignus
391 1619 439 1689 sit,
456 1619 509 1693 qui
524 1619 657 1678 omnium
674 1617 794 1676 omniuo
810 1615 904 1675 homi·
933 1613 1036 1674 cendia
1052 1615 1131 1690 pacis
1146 1635 1249 1676 amans
1266 1617 1396 1676 Veronae
1418 1617 1578 1677 exstinxit:

263 1727 346 1778 num,
363 1710 512 1783 quotquot
535 1725 569 1766 ax
587 1707 677 1782 hujus
692 1707 771 1766 vitae
787 1705 905 1765 casibus
933 1705 1084 1779 Romaque
1100 1723 1186 1764 senex
1198 1707 1263 1782 Jam
1278 1706 1424 1783 planeque
1439 1706 1577 1783 decrepi-

263 1797 388 1856 lubricis
403 1799 434 1856 et
448 1796 579 1855 tenebris
602 1796 639 1854 ad
661 1795 800 1854 stabilem
821 1793 905 1852 illam
932 1799 983 1852 tus
999 1793 1090 1852 etium
1106 1793 1317 1870 intempestivo
1339 1795 1410 1853 anni
1432 1797 1578 1872 ternpore,

263 1885 438 1945 felicitatem
462 1887 494 1944 ct
509 1885 606 1945 lucam
630 1885 810 1943 inaccessam
825 1881 903 1958 aspi·
933 1885 969 1941 ut
983 1881 1109 1942 dissidia
1124 1883 1235 1942 civium
1250 1885 1305 1942 aut
1326 1883 1473 1943 nobilium
1495 1883 1579 1944 inter

263 1975 341 2044 rent,
374 1974 491 2034 assiduo
523 1974 661 2032 manibus
691 1976 722 2032 et
753 1972 905 2031 mentibus
933 1990 963 2030 se
980 1975 1178 2046 componeret,
1201 1991 1261 2032 non
1283 1973 1374 2033 semel
1392 1991 1448 2032 nac
1462 1973 1578 2033 frustra

263 2066 380 2123 teratur
395 2067 425 2122 et
439 2063 611 2122 revolvatur
625 2066 656 2122 at
671 2063 807 2120 canescat
821 2061 905 2120 seclis
933 2061 1079 2120 Veronam
1095 2061 1282 2138 properavit:
1304 2065 1341 2120 ut
1358 2061 1465 2120 merito
1490 2081 1578 2122 vero-

262 2152 559 2214 innumerahilibus.‘
931 2151 1033 2210 nansia
1056 2149 1162 2208 civitas
1184 2151 1278 2210 tantis
1303 2151 1340 2209 ab
1364 2169 1399 2210 so
1424 2151 1578 2212 benefieiis

716 2236 719 2244 ’
933 2239 1038 2298 affecte
1053 2243 1084 2297 et
1098 2241 1185 2316 grute
1201 2257 1292 2299 aeneo
1305 2239 1464 2298 simulacro
1474 2240 1578 2299 landi-

311 2326 904 2406 roulnrteoloyiapmtorahl)haudob-
934 2328 1049 2403 busqne
1059 2327 1151 2386 inciso
1161 2347 1307 2389 marmore
1315 2327 1461 2405 expressis
1471 2331 1578 2390 tantae

264 2437 384 2478 sourum
395 2421 559 2478 estuomcn
575 2417 738 2495 Augustini
755 2416 905 2476 Valerii
934 2415 1104 2476 virtutisne
1118 2417 1291 2494 vigilantiae
1305 2417 1473 2494 praesulem
1496 2420 1579 2495 puh-

265 2502 408 2590 (Valiero)
423 2507 529 2566 Veneti
547 2503 588 2588 (n.
608 2515 634 2568 7.
650 2508 722 2582 Apr.
736 2500 843 2588 1531),
857 2505 904 2564 oui
933 2506 990 2565 lico
1006 2505 1125 2566 decreto
1141 2505 1278 2566 decorare
1294 2507 1493 2570 constituerit.
1518 2507 1578 2567 Sed

266 2599 387 2656 sanetus
405 2614 514 2654 munus
536 2595 658 2654 docendi
679 2594 903 2672 philosophiam,
932 2597 963 2654 et
972 2595 1130 2654 academici
1140 2595 1344 2671 philarmouici
1357 2593 1499 2677 (qnorum
1509 2596 1578 2674 ipss

265 2685 335 2744 licet
350 2684 399 2743 vix
417 2693 455 2746 ‘27
474 2688 645 2744 numeraret
660 2703 761 2754 anuos,
778 2683 906 2744 contulit
932 2688 1077 2761 patronus
1085 2684 1210 2754 exstitit,
1219 2703 1380 2761 eorumque
1388 2684 1579 2746 dissertatio·

265 2771 388 2852 (1558).
412 2774 439 2831 A
461 2773 514 2832 Pio
529 2773 578 2832 IV.
601 2776 778 2848 procurante
802 2773 905 2832 carolo
933 2772 1022 2833 nibus
1044 2773 1183 2832 interfuit
1204 2791 1237 2832 ac
1259 2773 1342 2844 favit,
1365 2773 1531 2848 inquibus
1547 2777 1579 2836 at

265 2862 449 2931 Borramaeo,
457 2861 505 2919 oui
516 2861 740 2937 acceptissimus
750 2861 905 2937 suitprop·
933 2863 997 2938 ipsa
1021 2862 1132 2937 primas
1155 2865 1254 2937 partes
1281 2863 1390 2932 tenuit,
1415 2863 1447 2922 in
1472 2881 1580 2924 eorum

264 2953 311 3008 ter
326 2968 422 3009 mores
438 2949 683 3027 castigatissimoe
699 2968 906 3025 summamque
933 2951 1164 3028 congressibuse
1175 2951 1320 3010 ditissimo
1330 2952 1501 3012 reconditas
1511 2971 1581 3012 aru·

266 3039 344 3099 vitae
360 3038 574 3116 integritatem,
590 3039 746 3116 episcopus
761 3057 904 3099 veronen·
934 3039 1087 3100 ditioninis
1097 3041 1422 3118 suaapromptnarioin
1433 3045 1581 3117 promptu

169 3185 172 3190 .
266 3128 307 3187 sis
323 3127 393 3204 eligi
411 3129 520 3187 meruit
536 3123 904 3209 (1565).Ejusinepisco-
934 3133 964 3186 et
978 3148 995 3188 e
1011 3148 1043 3188 re
1057 3131 1130 3189 nata
1153 3125 1340 3211 depromens)
1367 3129 1519 3190 viventem
1546 3149 1583 3190 ac

264 3223 339 3295 potu
361 3217 511 3294 praeclare
534 3219 618 3294 gesta
642 3217 722 3276 hisce
744 3218 805 3276 iere
827 3235 906 3276 oom-
934 3220 1085 3278 mortuum
1121 3219 1245 3277 summis
1275 3217 1416 3278 laudibus
1446 3218 1581 3278 celebra·

265 3306 408 3383 plectitur
432 3306 531 3367 verbis
556 3306 689 3366 Andreas
713 3305 906 3366 Victorel·
934 3309 1035 3366 runt‘
1062 3306 1208 3366 Dioeceais
1232 3325 1301 3366 vero
1327 3325 1398 3367 suaa
1422 3311 1453 3366 et
1474 3309 1581 3385 gregis

265 3391 375 3476 lus⁴):
400 3396 511 3466 ,Plura
533 3400 604 3456 sunt
626 3397 746 3474 egregie
767 3395 905 3464 facinora,
935 3395 1074 3455 dominici
1090 3396 1182 3455 saluti
1198 3394 1345 3456 indefesso
1368 3395 1467 3455 studio
1498 3396 1583 3456 invi·

934 3483 1032 3561 gileus
1053 3483 1200 3560 synodum
1222 3485 1380 3560 quotannis
1403 3484 1520 3554 hahuit,
1549 3487 1583 3545 in

306 3625 322 3684 ¹)
336 3617 377 3672 Cf.
391 3617 539 3672 Armclliui
552 3617 686 3672 Biblioth.
701 3618 797 3687 script.
812 3635 906 3687 congr.
934 3592 994 3674 qim
1017 3573 1161 3649 p³r⁰⁰h⁰⁸
1185 3573 1222 3631 ad
1251 3591 1361 3632 munus
1393 3573 1582 3674 mriiotale

266 3689 350 3742 resin
366 3690 385 3755 Ι,
399 3693 464 3749 Μ
478 3688 580 3744 Gillo„
595 3689 627 3752 q⁸
640 3691 700 3745 481.
934 3665 991 3721 rite
1008 3665 1169 3738 sancteque
1192 3661 1363 3721 obeundum
1378 3681 1431 3740 par
1445 3681 1584 3738 se1panm

302 3767 322 3826 ²)
337 3761 366 3815 L.
380 3777 402 3814 o.
416 3777 444 3829 p.
457 3765 473 3816 2
488 3777 510 3813 e.
524 3765 538 3817 1
553 3763 618 3814 seut.
631 3765 649 3816 4
662 3777 689 3828 p.
704 3763 763 3816 183.
934 3755 966 3809 et
981 3751 1070 3810 verbo
1086 3753 1117 3808 et
1132 3750 1420 3827 exemplatorudirit.
1445 3751 1582 3814 Nosoco·

302 3835 322 3903 ⁸)
337 3831 592 3885 Praetermittimufl
612 3830 727 3884 Petrum
741 3829 832 3884 Milh
842 3831 908 3884 ard
935 3841 994 3898 mia
1010 3840 1046 3897 ad
1063 3839 1214 3916 egentium
1231 3841 1262 3898 et
1277 3840 1487 3916 languentium
1504 3843 1582 3901 sub·

265 3901 298 3960 0·
320 3903 345 3958 S·
369 3903 434 3956 ΒΘΗ·
458 3919 581 3972 ll¹¹⁰¹⁰¹¹²
603 3919 624 3955 ⁸·
647 3901 719 3955 D⁰d¹
738 3919 768 3955 ²¹¹
788 3901 908 3988 d1⁰⁹⁰i⁸¹
936 3928 1044 3986 sidium
1067 3928 1185 4004 aliaque
1207 3927 1258 4004 pia
1279 3929 1344 3988 loos
1366 3947 1420 3988 suo
1442 3947 1510 3988 aare
1533 3930 1584 3990 in·

264 3974 409 4038 auxitana,
431 3990 464 4027 ex
488 3973 570 4042 cujus
583 3989 627 4042 op.
642 3975 685 4027 La
704 3975 807 4040 prande
827 3977 908 4042 parde
966 4018 972 4029 .
1013 4018 1020 4030 .
1243 4018 1248 4029 .
1391 4018 1397 4030 .
1454 4018 1460 4030 .

263 4049 309 4100 des
317 4063 403 4110 morer,
413 4045 532 4100 vicuires
547 4043 766 4108 etconfesseurs,
774 4043 907 4114 Lugduni
936 4021 1044 4077 smmi
1062 4016 1158 4086 Quare
1174 4021 1250 4076 “nil
1267 4017 1415 4093 Pfflflflllllss
1434 4021 1584 4080 ”rium

268 4121 349 4176 icch
382 4121 467 4174 1617:
500 4115 651 4187 Rotomagi
677 4119 754 4178 1613,
781 4116 908 4170 Sorbona
935 4105 1094 4184 Gregorius
1110 4105 1189 4164 XIII.
1206 4105 1425 4166 oculatissimus
1439 4108 1585 4186 princeps

264 4189 472 4260 propositiones
485 4187 832 4258 aliquotcenaurodiguas
846 4204 907 4242 osn-
935 4197 1121 4272 perspectum
1136 4195 1258 4266 habens,
1277 4195 1375 4271 ipsum
1398 4198 1435 4254 ut
1457 4197 1584 4258 Dalm.

264 4259 727 4397 {ssdezqifilgrifflmgfflmss,
741 4263 906 4330 Qui—173
935 4288 1034 4342 turum
1049 4283 1585 4361 morasoorrigaretaolabefautatam

301 4409 321 4464 a,
335 4402 482 4457 pinam¹
490 4401 854 4470 pqimbosohivflfflqn·
863 4405 907 4457 47:
936 4375 967 4431 iu
984 4393 1017 4432 aa
1032 4373 1184 4449 provincia
1200 4373 1430 4433 ecclesiasticam
1447 4373 1584 4452 discipli-

265 4473 287 4526 Il
304 4473 413 4528 Valiero
434 4473 465 4526 fu
486 4489 542 4527 uno
563 4473 660 4541 de'pih
681 4472 736 4524 rari
756 4472 865 4526 uomini
878 4472 907 4524 di
935 4535 953 4540 ,-

264 4548 365 4612 questo
379 4545 477 4608 secolo,
492 4561 507 4598 o
521 4544 544 4596 si
558 4543 699 4598 consideri
709 4543 907 4614 lamolteplioe

264 4616 431 4678 erudiziouu,
452 4616 480 4668 di
501 4616 545 4669 aui
565 4615 595 4669 fu
615 4615 728 4678 farnito,
747 4632 762 4668 e
781 4614 907 4667 l'inatan-
936 4613 1585 4684 plauderemiruhilmente,dagnoperoiodella

263 4685 353 4740 cubile
367 4685 560 4754 applicatione
573 4686 628 4740 alla
638 4686 746 4749 lettera,
760 4702 776 4739 o
790 4687 813 4738 si
823 4685 907 4738 abbia
936 4686 1019 4741 stima
1032 4704 1047 4740 e
1060 4686 1133 4740 dalla
1146 4685 1206 4740 lodi
1229 4685 1258 4740 di
1279 4685 1348 4740 tutti
1362 4686 1371 4739 i
1394 4687 1483 4740 buoni
1496 4705 1512 4742 a
1525 4687 1585 4741 sin·

263 4756 397 4822 riguardo
411 4757 436 4810 al
452 4773 548 4822 ranno,
572 4758 628 4810 alla
650 4757 761 4825 probith
774 4773 789 4810 e
802 4773 819 4809 a
832 4758 907 4810 tutte
935 4756 1239 4828 golarmantedelgran
1253 4755 1333 4812 Card.
1346 4757 1373 4812 S.
1381 4757 1410 4816 C.
1419 4757 1584 4822 Borrumco,

263 4827 289 4880 le
304 4827 353 4896 pih
366 4827 437 4881 belle
451 4827 535 4891 virth,
555 4829 606 4882 che
620 4828 649 4880 iu
664 4827 704 4880 lui
724 4828 746 4880 si
767 4829 847 4882 vider
859 4829 907 4881 ris·
935 4830 984 4884 ohe
997 4829 1037 4900 gli
1050 4831 1080 4882 iu
1094 4827 1271 4888 amicissimo.
