3500 5346
267 307 333 362 279
562 293 748 348 roal-1600.
763 287 926 358 Patrologia
937 289 968 342 in
981 287 1129 359 Hispania.
1143 287 1290 350 Oiacouus,
1514 303 1576 361 230

268 477 302 535 in
319 486 372 546 163
389 477 417 534 A
434 475 481 535 Tr.
492 475 527 550 of
530 475 677 534 Christian
682 477 908 553 peregrination,
938 469 1066 556 ta1).‘-·
1083 475 1266 533 rtaaaaram
1282 473 1432 533 bibliorum
1449 475 1578 531 cranium

270 584 293 628 e.
309 566 328 623 l.
356 572 454 634 1583;
480 564 515 639 of
535 565 580 624 tte
605 565 680 623 Loca
703 565 738 639 of
758 565 803 623 tte
825 565 909 622 Scala
937 564 1094 638 utriusque
1115 563 1195 622 vitae
1211 562 1380 622 antidotum
1397 562 1578 638 Antverpiee

269 654 342 714 with
359 652 517 722 Questious
533 659 564 712 to
579 648 631 712 the
646 654 842 722 Protcstants,
867 652 908 711 St.
941 659 1021 716 1577
1031 652 1064 712 in
1075 661 1102 717 8.
1113 655 1177 722 etc,
1195 651 1312 728 saepius
1325 651 1449 722 editum,
1459 650 1578 728 collegit

267 743 358 802 Omer
386 752 468 805 1603
494 742 527 801 in
552 751 600 804 12.
632 741 763 802 Decessit
780 750 829 805 28.
845 741 908 800 Oct.
937 741 1102 801 Guilelmus
1117 741 1230 800 Allot
1246 735 1578 816 propterfidcmincar·

273 840 355 894 1582
373 850 480 908 magno
505 830 656 890 seminarii
680 830 790 908 anglici
813 832 844 888 et
866 830 909 888 rei
936 847 1031 890 cerem
1048 830 1199 905 conjectus
1224 833 1254 888 et
1270 829 1302 888 in
1317 828 1454 889 exsilium
1469 829 1577 905 pulsus

269 921 432 980 catholicae
448 920 566 979 damno.
597 921 668 978 Erat
683 919 763 978 enim
784 919 831 978 rir
845 919 909 977 onl-
937 913 967 1001 (l
983 937 1005 978 c.
1028 915 1131 996 1590).

268 1009 413 1080 tissimus,
430 1009 461 1068 in
478 1027 500 1067 s.
514 1009 668 1085 Scriptura
683 1009 793 1085 optime
809 1025 909 1066 versa·
976 1034 1049 1102 1)οᾒ
1064 1033 1166 1088 (ΜΝ
1186 1035 1280 1104 Βῑομ
1300 1033 1464 1102 pjcponpry
1487 1033 1519 1089 of
1529 1035 1579 1088 the

266 1101 327 1157 tus.
360 1098 446 1157 Plura
472 1098 583 1173 scripte
612 1101 788 1157 manserunt
811 1095 906 1156 inedi·
936 1105 1053 1177 English
1068 1104 1148 1160 (leth.
1161 1105 1208 1172 IV,
1221 1108 1373 1163 484-491.
1426 1105 1429 1110 “

736 1392 810 1492 ιι.
845 1391 1119 1510 patrologie
1280 1327 1313 1458 ἶ

319 1637 389 1691 122.
405 1629 492 1688 Multi
507 1629 561 1687 hac
577 1629 688 1704 epocha
697 1647 814 1705 operam
825 1647 909 1688 suam
937 1627 1056 1687 collecta
1081 1628 1208 1704 reperies
1233 1627 1328 1705 elogio
1352 1628 1384 1687 in
1406 1627 1477 1686 bibl.
1500 1629 1576 1706 hisp.

266 1717 452 1776 collocarunt
470 1718 502 1775 in
517 1721 637 1793 patrum
660 1718 798 1792 operibus
821 1717 910 1776 eden·
937 1735 1012 1776 nora
1030 1713 1080 1798 (ΙΙ,
1101 1711 1189 1796 180),
1202 1735 1235 1775 cx
1252 1715 1578 1793 qnahaeopaucadeli·

271 1806 325 1876 dis,
342 1805 505 1874 censendis,
530 1805 718 1865 illustrandis
742 1807 910 1882 horumque
938 1805 1090 1865 bebimus:
1110 1804 1218 1874 ,Plane
1234 1805 1266 1864 in
1282 1825 1341 1881 quo
1351 1807 1500 1866 eminebat
1509 1811 1578 1866 ante

268 1914 392 1970 operum
414 1896 499 1952 textu
514 1894 704 1954 emendando.
727 1896 774 1953 Ita
788 1913 825 1954 ex
840 1895 909 1954 Hie-
939 1895 1011 1954 alios
1038 1894 1095 1953 eibi
1122 1887 1257 1970 aequales
1283 1895 1445 1968 OEacouius,
1470 1896 1578 1974 genius

266 1985 358 2060 panis
374 1983 480 2042 Petrus
497 1983 647 2042 Chacon
664 1979 878 2065 (ciaconus)
888 1981 909 2062 ¹)
937 1983 990 2042 illc
1005 1983 1064 2042 fuit
1079 1983 1116 2042 ad
1138 1987 1253 2043 veteres
1276 1984 1433 2060 scriptores
1455 1985 1487 2044 in
1503 1985 1579 2044 line·

268 2073 440 2143 Toletanus,
460 2073 512 2142 ,in
528 2091 596 2148 quo,
614 2077 650 2132 ut
660 2073 748 2132 habet
763 2073 910 2150 epitaphi-
938 2093 986 2130 arn
1001 2071 1180 2132 revocandos
1202 2075 1293 2148 atquc
1307 2073 1466 2154 sanandos
1483 2075 1579 2134 veluti

270 2181 323 2221 um
354 2161 383 2220 ei
413 2163 520 2220 Romae
557 2161 696 2238 positum,
735 2162 910 2238 multiplicis
938 2160 1027 2220 datus
1048 2162 1075 2220 ei
1098 2163 1209 2232 seculo,
1233 2161 1311 2238 quod
1335 2163 1451 2222 enixius
1476 2165 1579 2222 ceteris

266 2250 422 2311 doctrinae
447 2251 529 2326 copia
553 2269 620 2310 cum
644 2250 724 2309 ritae
746 2269 779 2309 ao
795 2270 910 2311 morum
938 2251 992 2309 hoo
1008 2269 1132 2326 pensum
1147 2251 1265 2310 solvere
1281 2269 1435 2326 nunquam
1452 2251 1578 2313 destitit:

271 2340 445 2417 integritate
471 2339 619 2407 certabat;
651 2339 704 2415 qui
729 2359 746 2398 a
771 2339 911 2418 Gregorio
938 2341 973 2397 ut
984 2340 1054 2414 jure
1070 2359 1137 2398 eum
1155 2339 1280 2416 ‚ingenii
1304 2339 1530 2415 industriaeque
1546 2360 1579 2400 ac

270 2427 349 2487 XIII.
365 2428 395 2489 P.
413 2428 449 2485 ll.
467 2445 504 2486 ss.
526 2431 645 2504 patrum
662 2428 745 2486 libris
761 2431 911 2506 sacrisque
938 2427 1113 2504 conjiciendi
1136 2431 1199 2486 erle
1223 2428 1351 2503 quadam
1373 2430 1517 2506 singulari
1534 2431 1580 2490 vi·

272 2517 434 2576 canonibus
457 2519 488 2574 ct
510 2517 703 2576 sacrosanctis
725 2517 827 2576 bibliis
844 2538 910 2594 pcr-
937 2523 1013 2576 rum‘
1029 2516 1158 2576 Joauucs
1175 2516 1310 2588 Grialius,
1338 2517 1388 2576 ille
1404 2518 1457 2593 qui
1473 2518 1578 2578 Isidori

270 2606 434 2683 purgandis
451 2601 681 2687 praepositus2),
698 2605 773 2666 inco
788 2626 910 2666 munere
938 2625 1026 2681 opera
1042 2605 1158 2664 Matriti
1174 2624 1240 2664 cum
1257 2607 1336 2665 notis
1353 2607 1461 2678 edidit;
1478 2609 1516 2667 'ct
1532 2608 1579 2678 ,ad

272 2694 408 2755 obeundo
424 2695 599 2764 eruditione,
612 2694 735 2770 judicio,
751 2694 808 2753 fide
825 2713 858 2754 aa
867 2696 910 2754 di·
938 2695 1077 2770 antiquos
1104 2695 1261 2770 scriptores
1276 2695 1484 2755 instaurandos
1501 2698 1578 2756 bono

271 2783 396 2859 ligentia
410 2783 590 2858 praestitit‘
623 2783 717 2852 ,Erat
737 2783 770 2840 iu
792 2783 851 2854 illo,
869 2786 911 2843 ait
938 2783 1057 2859 publico
1089 2786 1242 2858 tamquam
1266 2803 1282 2842 e
1307 2784 1385 2843 coelo
1417 2785 1578 2862 delapsum‘

272 2867 453 2950 Schottusll,
486 2870 557 2929 dum
587 2871 671 2942 vixit,
703 2875 739 2930 ut
764 2891 912 2932 summum
938 2870 1071 2931 Andreas
1087 2872 1226 2932 Schottus
1239 2873 1271 2930 in
1280 2872 1451 2933 laudatione
1461 2875 1579 2933 funebri

270 2959 481 3018 benemerendi
497 2959 640 3029 studium,
667 2979 726 3034 quo
742 2963 909 3037 aequalium
938 2961 1063 3020 Antonii
1072 2961 1234 3039 Augustini
1248 2962 1374 3038 archiep.
1390 2967 1578 3023 tarraconen-

266 3048 413 3106 coucessit
428 3048 548 3118 nemini,
574 3049 614 3107 sic
639 3051 669 3107 et
691 3049 835 3109 modestia
850 3050 911 3110 sin·
939 3050 996 3120 sis;
1013 3054 1044 3108 et
1059 3051 1100 3120 ‚in
1116 3050 1288 3128 colligendis
1305 3055 1438 3110 veterum
1465 3071 1480 3110 e
1504 3072 1578 3110 nau·

271 3136 383 3215 gularis
400 3141 541 3212 tanteque
558 3137 704 3198 honorum
720 3140 909 3216 contemptio,
938 3138 1034 3216 fragio
1066 3138 1183 3222 scriptia¹
1215 3141 1470 3199 accuratissimum
1494 3143 1525 3199 et
1547 3143 1579 3201 in

270 3229 307 3284 ut
322 3245 359 3286 ne
374 3225 488 3285 laudari
505 3227 625 3302 quidem
635 3245 666 3286 se
677 3228 847 3300 sustineret,
859 3233 911 3288 aaut
939 3228 1120 3304 exponendis
1159 3226 1404 3288 eruditissimum‘
1430 3228 1513 3288 Joan.
1546 3231 1579 3289 B.

271 3315 432 3392 praedicari
453 3315 489 3374 eb
500 3316 546 3386 iis,
557 3317 610 3390 qui
619 3316 702 3376 illius
713 3319 813 3377 esseut
824 3317 1086 3394 operapGuesnay,
1118 3316 1189 3375 dum
1214 3317 1250 3376 ad
1277 3318 1410 3377 Cassiani
1437 3319 1578 3377 lectorem

270 3404 327 3476 usi,
347 3423 441 3480 aequo
466 3405 565 3464 animo
591 3405 775 3482 auribusque
796 3407 909 3482 accipe·
938 3405 1098 3480 praefatur,
1115 3405 1294 3467 existiment.
1315 3408 1379 3465 Acu
1400 3425 1462 3465 rem
1478 3406 1581 3484 tetigit

271 3496 347 3553 ret‘
378 3493 510 3552 Plurima
535 3493 722 3554 eruditorum
747 3492 909 3578 virorum4)
938 3492 1023 3552 Joan.
1055 3493 1157 3552 Nicius
1195 3493 1396 3572 Erythraeus:
1440 3495 1579 3566 ,Omnino

940 3583 1066 3641 habebat
1082 3583 1145 3653 hoc,
1163 3583 1269 3659 inquit,
1288 3588 1322 3642 ut
1338 3585 1369 3642 in
1379 3585 1518 3643 sanandis
1530 3604 1579 3643 re·

309 3701 329 3768 ι)
343 3695 488 3751 Confundi
511 3697 558 3752 hic
583 3714 640 3751 non
666 3698 750 3752 debet
768 3715 833 3752 cum
859 3702 911 3754 Al,
939 3675 1036 3731 terum
1047 3673 1389 3748 librorumplagisnemo
1399 3673 1463 3750 ipso
1472 3673 1580 3732 melius

271 3767 412 3837 phonso
426 3766 564 3832 (licaonia,
579 3768 613 3822 de
628 3786 684 3836 quo
698 3768 777 3825 alias.
940 3761 1113 3820 medicinam
1130 3761 1246 3832 faceret,
1272 3761 1344 3820 adeo
1369 3767 1405 3822 ut
1422 3766 1579 3822 auctorum

310 3838 478 3920 'lllllfldeffl
497 3839 639 3921 P0Rlffi⁰i⁸
660 3840 829 3922 stusswfilalfl
854 3829 911 3895 δοῖ·
939 3849 1100 3909 eorundem
1115 3849 1216 3920 animi,
1242 3853 1278 3908 ut
1293 3851 1454 3910 somniavit
1469 3851 1580 3928 Pytha-

271 3909 911 3982 rectronrtlalendarnunacumChnstophoro
939 3957 1034 4015 goras,
1052 3939 1239 4015 immigrffiso
1261 3940 1293 3998 in
1315 3940 1413 4016 ipsum
1438 3958 1580 4015 suamque

271 3981 404 4036 (llario
418 3979 444 4036 S.
458 3981 483 4036 l.
496 3981 648 4052 diligenter
659 3982 774 4038 institit.
958 4028 963 4039 .
1104 4027 1121 4040 ..
1445 4029 1451 4042 .

309 4055 330 4124 a)
344 4053 376 4106 [ῃ
389 4051 509 4106 demeat.
530 4053 656 4107 Sallustii
676 4070 792 4123 operum
806 4055 843 4108 ad
855 4057 911 4110 los.
939 4027 1035 4085 erdem
1051 4027 1087 4086 de
1102 4046 1140 4086 ns
1155 4028 1253 4099 rebus,
1263 4047 1338 4104 quac
1348 4033 1434 4089 crunt
1444 4048 1476 4087 ιιι
1487 4047 1578 4104 quac·

272 4123 458 4192 Stephanum.
485 4124 588 4178 Eodem
610 4123 726 4178 schotto
746 4129 817 4180 teste
836 4126 911 4180 idem
940 4115 1046 4190 stione,
1072 4116 1251 4176 senmutiam
1273 4117 1488 4192 quodammodo
1512 4138 1580 4196 ape·

272 4195 419 4250 Ciaoonius
429 4195 549 4250 maxime
556 4196 587 4249 in
596 4196 772 4250 emendando
782 4197 912 4252 Gratiani
938 4205 1033 4264 ruisse
1048 4201 1240 4274 videmurne,
1257 4224 1363 4282 nempe
1379 4206 1411 4265 in
1428 4207 1579 4266 puppim.

271 4266 386 4348 demi
409 4265 577 4321 lfflfldflbal*
604 4267 727 4350 ,Ingenii
749 4268 852 4322 etenim
879 4285 912 4351 ἕο
939 4294 1058 4353 cotheca
1082 4294 1176 4370 prima
1210 4314 1299 4370 quam
1324 4295 1454 4354 Oiaoonii
1484 4296 1581 4356 nostri

272 4353 422 4393 memoriae
436 4355 555 4406 summa,
569 4356 627 4407 qua
640 4339 757 4392 mirifice
780 4339 912 4394 excelluit
1178 4338 1185 4364 ’

272 4409 397 4478 vicitque
420 4411 553 4478 aequales
574 4427 678 4474 omnes,
700 4409 845 4476 felicitato,
860 4411 911 4480 qui
939 4382 1149 4442 honestissima
1164 4385 1310 4442 iustruxit
1325 4384 1489 4462 imagine‘
1503 4385 1580 4444 Hec-

271 4484 402 4535 centoues
416 4482 503 4548 atque
516 4481 592 4535 uude
613 4482 800 4536 consarcinati
820 4486 912 4536 essent
1238 4489 1240 4492 '

270 4553 293 4604 a
302 4551 437 4606 Gratiano
451 4554 481 4605 et
492 4553 574 4621 quasi
592 4552 666 4622 stipe
687 4551 795 4606 viritim
808 4552 911 4610 collata

270 4622 450 4688 coaluissent,
461 4622 586 4692 digitum
594 4623 630 4678 ad
641 4623 911 4680 fontesintendcndo
938 4626 1006 4680 addi
1019 4630 1141 4695 possent,
1162 4629 1195 4680 ut
1208 4625 1419 4681 Schoenemann
1438 4626 1470 4681 iu
1490 4627 1579 4682 Notit

273 4708 335 4799 sepe
344 4694 535 4816 prompteque
548 4695 739 4755 ostendebam
938 4696 1156 4752 historico-liter.
1170 4701 1189 4753 t.
1203 4703 1227 4756 2.
1248 4698 1279 4752 in
1292 4697 1458 4753 Cassianum
1478 4716 1501 4754 c.
1514 4703 1538 4757 3.
1552 4700 1581 4754 ct

320 4764 330 4833 )
372 4763 909 4832 tBaronii,Lat1nii,Ger.Joau.Vossii,
938 4767 1060 4823 Michael
1079 4785 1095 4822 a
1115 4787 1137 4825 a.
1156 4769 1260 4840 loseph
1279 4769 1493 4840 Bibliographia
1519 4770 1579 4824 crit

268 4831 439 4900 casauboni,
454 4833 574 4902 Thuoni,
589 4835 723 4906 Pignorii,
741 4836 845 4905 quibus
858 4837 910 4892 alii
938 4838 1059 4905 111,444.
