3500 5346
142 333 205 386 229
554 314 715 370 Ludcricua
727 314 917 386 legionensis,
931 313 1039 375 Pintus,
1386 331 1449 387 230

140 504 225 560 catus
250 500 318 570 luit,
344 503 537 576 remotusque
567 500 604 559 ab
629 501 783 560 hominum
811 519 899 577 usgue
913 501 983 576 cyrri
998 501 1084 578 typici
1099 507 1184 578 atque
1199 501 1404 560 immolationis
1413 501 1451 560 le·

139 607 202 648 uon
218 589 315 648 solum
332 607 466 650 sermone
487 593 518 649 et
540 607 708 667 congressu,
733 589 783 649 sed
808 591 909 666 gitimo
918 596 1042 664 tempore
1049 584 1082 670 ¹),
1094 588 1133 648 ib.
1146 597 1243 660 1590;
1254 589 1299 647 De
1308 583 1350 648 loa
1360 589 1450 649 Nom·

139 678 232 738 etiam
248 681 382 753 aspectu,
397 697 451 754 per
469 677 603 754 quinque
618 679 783 738 lereannoa
810 678 923 737 tresde
941 677 1055 738 comaco
1071 676 1101 739 ll.
1113 676 1166 747 ΙΙΙ,
1177 677 1216 736 ib.
1231 686 1330 749 15833
1351 687 1450 748 15873

138 769 180 825 in'
195 783 313 826 mroere
335 769 425 842 atque
447 767 479 826 iu
503 767 635 827 tenebris
658 769 782 843 jacuit‘
816 777 912 838 15953
925 775 1018 840 1603,
1028 765 1064 826 de
1073 761 1452 848 quorossevinuswe-

140 855 251 914 Verum
276 856 418 915 innocens
441 855 560 914 demum
584 857 725 917 inventus
740 857 783 915 la·
810 875 877 914 rum
900 859 1000 916 tamen
1022 874 1098 930 quae
1120 851 1157 914 ad
1179 855 1280 931 ipsum
1303 855 1451 916 Christum

139 963 205 1003 mae
221 963 294 1003 suae
309 963 342 1004 ac
357 943 479 1004 docendi
498 945 637 1021 partibus
661 945 783 1005 restitn-
810 947 963 1021 tamqnam
975 944 1125 1004 hominem
1135 945 1253 1018 attinet,
1263 944 1373 1004 Ludos.
1384 945 1450 1016 Leo,

137 1036 190 1092 tua
206 1028 306 1114 luit1).
330 1031 394 1102 Qua
408 1033 559 1094 occasione
574 1035 691 1112 insigne
706 1035 782 1095 obli·
809 1034 1041 1110 augustinianus
1056 1032 1221 1111 theologus,
1237 1031 1341 1110 lingua
1352 1033 1451 1111 hispa-

138 1122 783 1198 rionisinjuriarumspecimendsditlnter·
809 1123 877 1182 nica
898 1127 930 1182 et
951 1123 1136 1200 pereleganti
1158 1125 1194 1181 ut
1221 1139 1311 1182 seusu
1334 1122 1451 1183 erudito

136 1211 246 1272 missas
262 1211 343 1270 enim
358 1212 570 1286 praelectiones
580 1231 678 1271 coram
687 1214 784 1272 multa
810 1230 844 1270 ac
859 1212 1006 1287 profundo
1022 1213 1237 1287 interpretatus
1253 1215 1314 1270 est:
1334 1215 1450 1288 postre-

137 1301 314 1360 anditorum
323 1299 703 1376 frequentiarecipienshoo
709 1319 783 1360 usus
811 1319 859 1359 rna
873 1303 982 1372 tamem
993 1319 1082 1377 quam
1091 1299 1148 1377 ipsi
1158 1301 1293 1378 legimus,
1305 1296 1380 1382 (scil.
1391 1305 1451 1360 ter-

136 1395 187 1448 est
205 1389 341 1448 exordio:
367 1389 551 1458 ,Dicebamus
567 1390 704 1450 hesterna
725 1390 782 1450 die‘
809 1389 853 1448 tia
869 1409 893 1449 a.
914 1385 1011 1471 1581)
1028 1389 1119 1448 editio
1136 1389 1253 1448 auctior
1268 1393 1323 1461 est,
1340 1391 1451 1466 quippe

138 1483 197 1537 etc.
215 1477 350 1536 Praefuit
372 1476 443 1537 dein
458 1497 527 1538 suae
549 1479 717 1554 provinciae
739 1479 781 1538 ri·
810 1479 858 1538 cui
867 1479 974 1538 tertius
983 1478 1042 1538 fuit
1051 1478 1126 1538 liber
1134 1477 1371 1554 adjunctus.‘El
1383 1497 1451 1554 per·

137 1567 241 1626 carius
256 1567 405 1642 generalis
422 1569 453 1625 et
467 1568 670 1644 praepositum
687 1567 782 1644 desig·
808 1568 881 1641 secto
897 1565 1282 1642 Praedcacorllxposicion
1292 1566 1450 1626 delEccle-

135 1662 229 1716 natns
246 1673 366 1732 quoque
381 1656 489 1732 estqui
499 1657 726 1716 constitutiones
736 1675 782 1714 re·
810 1656 914 1716 siostes
922 1656 1064 1716 hactenus
1074 1655 1205 1714 ineditus
1211 1655 1325 1732 prodiit
1331 1656 1451 1716 demum

136 1745 262 1804 formati
278 1745 325 1802 sui
336 1744 449 1804 ordinis
458 1743 610 1805 sodalibus
620 1745 783 1808 conficeret.
810 1745 843 1805 iu
864 1744 984 1804 Beriste
1005 1745 1081 1822 Aug.
1098 1743 1165 1804 XIV
1189 1739 1311 1826 (1887).
1335 1743 1450 1814 Quibus

135 1835 272 1892 Multum
289 1833 491 1893 delectabatur
506 1833 649 1894 Ludovici
672 1851 781 1914 grana·
811 1833 886 1893 adde
902 1834 1143 1893 commentorium
1160 1835 1190 1892 in
1201 1834 1220 1896 l.
1236 1834 1306 1904 Joc;
1317 1837 1451 1893 camnine

133 1922 233 1982 tensis
250 1922 335 1981 libris
351 1922 568 2000 spiritualibus,
579 1922 675 2000 iisque
686 1923 782 1983 studi·
810 1923 937 2000 egregia,
953 1926 1017 1983 erat
1032 1923 1111 1982 enim
1120 1922 1245 1998 insignis
1255 1927 1351 1998 poeta,
1361 1941 1449 1998 opus·

134 2031 189 2070 ose
204 2011 343 2087 perlectis
359 2013 426 2088 plus
442 2031 529 2088 qnam
540 2013 573 2070 iu
582 2015 628 2072 tot
637 2031 783 2072 annorum
811 2013 875 2071 cula
890 2013 1025 2072 ascetica.
1042 2010 1452 2088 Operacollectaprodierunt

133 2101 316 2160 scholastica
332 2100 539 2161 exercitatione
559 2101 703 2161 imbuisse
719 2101 782 2160 ani·
811 2100 1004 2161 salmanticae
1024 2109 1239 2164 1891-1895
1256 2102 1280 2158 t.
1299 2109 1332 2168 7;
1350 2099 1450 2174 etjam

133 2211 220 2249 mum
237 2207 268 2249 se
284 2191 433 2268 theologia
452 2209 522 2250 vera
544 2189 696 2265 solidaque
719 2190 782 2266 ipse
810 2193 897 2249 antea
912 2190 1027 2249 lletriti
1047 2196 1262 2254 1804-1816
1278 2191 1329 2250 ta
1349 2184 1451 2270 (opera

134 2279 293 2356 professus
308 2283 353 2338 est
370 2299 422 2356 per
443 2279 599 2356 epistolam
622 2279 782 2340 Benedicto
810 2280 871 2340 scil.
886 2279 991 2356 lingue
1006 2273 1262 2358 hispantscriptc)
1279 2294 1349 2335 cura
1365 2276 1449 2336 sode-

134 2368 226 2426 Ariae
244 2369 391 2439 hlontano,
407 2369 501 2428 reteri
511 2369 611 2440 amico,
623 2369 675 2443 qui
684 2368 783 2428 Ludo·
809 2368 846 2427 lis
868 2369 939 2428 Ant.
966 2367 1086 2426 lleriuo.
1117 2366 1253 2426 Carmina
1282 2366 1450 2443 germanice

133 2459 238 2517 vicum
262 2458 361 2533 ipsum
386 2457 422 2515 ab
445 2459 594 2536 elegantia
616 2461 647 2517 et
669 2457 782 2516 uirtute
810 2455 925 2517 reddita
962 2456 1120 2516 ediderunt
1157 2456 1329 2514 Monesterii
1365 2464 1447 2518 1853

133 2547 280 2606 dictionis
296 2555 387 2622 atque
402 2547 573 2623 eloquentia
596 2565 782 2623 summopere
810 2546 946 2606 Schliiter
961 2549 990 2604 et
1007 2545 1103 2603 Storh.

133 2633 242 2694 laudat
258 2637 349 2711 ajens,
367 2637 459 2696 Deum
478 2636 623 2712 optimum
646 2635 781 2695 christia-

132 2743 192 2783 nae
208 2724 363 2784 facundiae
385 2724 430 2784 illi
452 2725 529 2784 vires
554 2729 585 2784 et
610 2725 780 2784 facultatem
858 2733 927 2786 101.
944 2723 1063 2795 Nitidis,
1081 2719 1449 2798 cultisdoctiasimisquel)

134 2832 257 2872 omnem
273 2814 453 2873 concessisse
470 2811 500 2896 (†
518 2822 566 2876 23.
579 2815 655 2889 Aug.
675 2813 780 2890 1591).
809 2812 1027 2872 commentariis
1049 2811 1214 2870 illustrarit
1235 2811 1345 2870 Hector
1366 2810 1448 2868 Pin·
1521 2815 1525 2822 '

135 2901 291 2962 Celebrior
305 2905 405 2962 tamen
421 2903 781 2979 estproptersuainlite·
808 2905 872 2960 tus
896 2901 928 2960 0.
945 2901 972 2962 S.
989 2900 1078 2970 Hier,
1101 2900 1263 2959 Lusitanus
1284 2894 1314 2980 (†
1341 2894 1448 2980 1584),

135 2991 777 3069 raturampatriammerita.,Vulgarisenim
808 2993 869 3048 tres
884 2990 1045 3065 prophetes
1061 2992 1203 3064 majores:
1226 2987 1349 3062 reliquit
1371 2987 1449 3046 enim

135 3080 285 3140 sermonis
310 3081 520 3156 proprietatem
545 3099 613 3139 oum
639 3081 782 3139 concinna
807 3081 839 3138 ic
847 3078 959 3138 Iccium
967 3079 1135 3154 proplietam
1145 3079 1360 3152 commentario,
1369 3077 1450 3152 Lug·

134 3169 298 3228 verborum
314 3169 526 3245 compositione
545 3169 699 3244 totiusque
715 3187 780 3227 ora·
809 3168 883 3226 duni
911 3177 1012 3237 15613
1042 3174 1122 3230 1567
1149 3167 1181 3225 iu
1204 3165 1237 3236 f.;
1265 3165 1450 3239 antwerpiae

135 3258 228 3318 tionis
246 3261 400 3317 structura
415 3258 458 3318 sic
474 3258 637 3335 conjunxit,
654 3261 689 3316 ut
703 3258 782 3316 inter
812 3265 912 3326 15673
934 3265 1032 3326 15723
1050 3257 1081 3314 m
1097 3255 1279 3324 Ezechielem,
1295 3253 1335 3310 ib.
1351 3262 1448 3322 1510;

136 3347 283 3422 primores
292 3347 432 3423 hispanae
442 3346 562 3426 linguae
573 3346 704 3406 vindices
714 3365 781 3406 cum
813 3353 912 3415 15823
945 3344 1138 3403 Salmanticae
1172 3351 1272 3412 1581;
1311 3341 1449 3417 Lugduni

136 3435 337 3495 disertissimo
352 3455 471 3513 quoque
488 3455 521 3496 ac
539 3435 781 3512 eloquentissimo
813 3443 911 3504 15813
934 3443 1034 3502 15843
1050 3434 1082 3491 in
1092 3433 1221 3490 divinum
1231 3437 1323 3488 cotem
1338 3429 1447 3488 Danie-

135 3524 172 3582 de
181 3525 282 3600 palma
291 3523 779 3608 contendat²)etc.‘Quarea.1856
809 3521 1080 3597 remconimbrioee
1092 3529 1174 3584 1582
1185 3541 1191 3590 ;
1204 3519 1448 3589 Venetiis1583;

135 3613 202 3690 ejus
228 3631 295 3672 osea
317 3613 446 3692 digniori
468 3615 555 3674 illata
578 3617 649 3672 aunt
664 3613 782 3671 tumulo
809 3611 945 3671 Coloniae
960 3619 1059 3681 1582;
1075 3608 1264 3685 hntwerpiae
1278 3617 1449 3683 15951911-

136 3701 256 3778 ipsique
279 3707 377 3762 erecta
400 3703 430 3762 in
454 3704 517 3762 loco
542 3702 662 3779 publico
683 3705 782 3760 statue
809 3701 864 3760 tim
879 3699 969 3758 etiam
986 3698 1154 3768 Jeremiam,
1178 3697 1239 3756 scil.
1261 3699 1326 3774 ejus
1342 3698 1449 3754 latrem

135 3809 229 3850 aereo.
251 3791 352 3852 Edidit
376 3796 543 3868 praeterea:
567 3791 782 3850 Commentario
808 3791 936 3858 tationes,
961 3788 1071 3864 quibus
1094 3787 1270 3864 adjungitur
1293 3786 1449 3859 Prophetic

134 3882 170 3936 irc
189 3881 312 3940 Abdicm
326 3880 782 3958 prophetcmetc'nepc'stolcmod
808 3878 933 3945 Nodum,
951 3895 1019 3937 cum
1039 3876 1247 3954 explanatione
1263 3879 1294 3934 et
1308 3876 1449 3934 observa·

139 3969 273 4044 Galatas,
299 3969 495 4030 salmanticae
520 3977 621 4039 1598;
644 3969 689 4027 De
704 3969 780 4026 utri·
808 3966 940 4026 tionibus
956 3985 990 4026 ex
1007 3966 1134 4026 hebraeo
1153 3975 1245 4028 1574.
1271 3965 1378 4033 ,llum
1395 3964 1449 4021 sti·

137 4091 299 4102 ----
808 4057 880 4127 lum,
904 4055 986 4114 addit
1008 4056 1103 4114 Nicol.
1119 4049 1309 4132 Antonium),
1332 4055 1450 4112 secutus

181 4161 196 4230 Ι)
209 4160 279 4214 Acta
301 4175 403 4213 causae
425 4158 595 4230 prodierunt
613 4159 643 4212 in
664 4156 781 4212 Proceso
809 4163 925 4220 semper
939 4143 1003 4224 fuit
1015 4145 1164 4214 Hector,
1181 4145 1217 4202 ut
1232 4142 1376 4200 literalem
1388 4141 1449 4216 pri·

136 4227 261 4298 original
282 4229 317 4284 de
340 4231 370 4283 la
401 4229 577 4300 laquiricion
590 4271 596 4284 .
611 4271 638 4284 ..
664 4229 728 4284 hino
753 4227 782 4282 al

135 4299 259 4354 llaectro
279 4301 322 4355 rr.
336 4303 367 4356 L.
380 4299 415 4356 de
428 4301 504 4355 Lacu
526 4301 558 4354 in
577 4300 725 4356 Coleccion
746 4299 781 4354 de

137 4371 207 4424 Doc.
220 4370 292 4427 ined.
306 4373 340 4426 X.
355 4372 400 4454 ΙΙΙ,
415 4371 745 4455 1-355,Μ1(1ήᾶ1847.
844 4374 866 4452 J]
881 4369 987 4449 Contra
1006 4368 1082 4421 hunc
1102 4365 1120 4420 l.
1148 4363 1262 4434 scripsit
1277 4362 1378 4432 gallice
1397 4360 1450 4416 Ga·

137 4442 780 4582 cfltttrttdthtlhhtttt
808 4430 1451 4587 1111111111(1111111511

134 4585 170 4638 in
198 4583 215 4636 l.
233 4587 350 4642 notitias
374 4587 495 4656 reperies
520 4585 607 4641 etiam
629 4585 664 4639 de
684 4583 780 4638 llarth.
809 4581 989 4654 [regionensis
1010 4578 1136 4649 theologi
1156 4577 1272 4646 hispani
1291 4577 1326 4632 de
1346 4577 1450 4630 ultimo

135 4653 263 4722 Mediae,
271 4658 363 4714 Leone
376 4657 411 4714 de
419 4659 525 4722 Castro,
537 4656 630 4720 Piuto,
643 4655 781 4710 Martinec
809 4653 915 4709 Christi
928 4651 1070 4724 paschate,
1083 4667 1107 4705 a.
1122 4653 1200 4708 1695,

135 4730 212 4793 etc.;
229 4727 292 4784 lore
304 4730 391 4785 (lona.
406 4729 440 4784 de
454 4728 560 4799 'lep'ada
573 4727 649 4782 Vide
661 4727 696 4782 de
708 4726 781 4796 Fray
847 4731 866 4796 ¹)
881 4725 951 4778 Bibl.
966 4724 1084 4778 selectae
1097 4723 1115 4776 l.
1129 4727 1178 4780 '2c
1192 4723 1236 4802 21.
1280 4788 1286 4800 ι
1373 4789 1378 4800 ¹

136 4798 170 4852 L.
180 4795 304 4864 delean,
312 4799 423 4856 bladrid
432 4805 517 4874 1863;
531 4799 613 4854 llhrl
622 4797 781 4854 eKatholih
846 4804 867 4870 ¹)
881 4797 922 4852 Cf.
936 4795 1019 4850 Mich.
1034 4811 1083 4849 aa.
1097 4793 1202 4864 loseph
1215 4810 1246 4846 ru
1259 4791 1327 4846 bibl.
1341 4791 1402 4846 crit.

136 4871 254 4938 18851,
267 4877 326 4930 5118.
846 4875 868 4940 ⁴)
881 4867 951 4922 Bibl.
966 4867 1039 4937 hisp.
1054 4883 1128 4921 nova
1141 4871 1167 4933 1,
1180 4867 1241 4924 562.

1254 4953 1288 5007 8*
