<?xml version="1.0" encoding="UTF-8"?>
<!DOCTYPE html PUBLIC "-//W3C//DTD XHTML 1.0 Transitional//EN"
    "http://www.w3.org/TR/xhtml1/DTD/xhtml1-transitional.dtd">
<html xmlns="http://www.w3.org/1999/xhtml" xml:lang="en" lang="en">
 <head>
  <title>
</title>
<meta http-equiv="Content-Type" content="text/html;charset=utf-8" />
  <meta name='ocr-system' content='tesseract 3.04.00' />
  <meta name='ocr-capabilities' content='ocr_page ocr_carea ocr_par ocr_line ocrx_word'/>
</head>
<body>
  <div class='ocr_page' id='page_1' title='image "./nomenclatorlite03hurtgoog_0137.png"; bbox 0 0 3500 5346; ppageno 0'>
   <div class='ocr_carea' id='block_1_1' title="bbox 297 237 1603 346">
    <p class='ocr_par' dir='ltr' id='par_1_1' title="bbox 297 237 1603 346">
     <span class='ocr_line' id='line_1_1' title="bbox 297 237 1603 346; baseline -0.005 -12"><span class='ocrx_word' id='word_1_1' title='bbox 297 292 360 346; x_wconf 79' lang='lat'>259</span> <span class='ocrx_word' id='word_1_2' title='bbox 497 277 683 334; x_wconf 79' lang='lat' dir='ltr'>rsa-seco.</span> <span class='ocrx_word' id='word_1_3' title='bbox 696 273 870 345; x_wconf 71' lang='lat' dir='ltr'>Discipulos</span> <span class='ocrx_word' id='word_1_4' title='bbox 883 273 918 328; x_wconf 72' lang='lat' dir='ltr'>aa</span> <span class='ocrx_word' id='word_1_5' title='bbox 933 290 968 332; x_wconf 72' lang='lat' dir='ltr'>ss.</span> <span class='ocrx_word' id='word_1_6' title='bbox 982 273 1077 330; x_wconf 72' lang='grc'>5555</span> <span class='ocrx_word' id='word_1_7' title='bbox 1091 237 1295 344; x_wconf 60' lang='lat' dir='ltr'>specularis</span> <span class='ocrx_word' id='word_1_8' title='bbox 1309 273 1400 330; x_wconf 70' lang='lat' dir='ltr'>saue.</span> <span class='ocrx_word' id='word_1_9' title='bbox 1542 291 1603 346; x_wconf 68' lang='lat'>260</span> 
     </span>
    </p>
   </div>
   <div class='ocr_carea' id='block_1_2' title="bbox 291 459 1608 3561">
    <p class='ocr_par' dir='ltr' id='par_1_2' title="bbox 291 459 1608 3561">
     <span class='ocr_line' id='line_1_2' title="bbox 295 459 1604 538; baseline 0.001 -18"><span class='ocrx_word' id='word_1_10' title='bbox 295 463 347 520; x_wconf 89' lang='lat' dir='ltr'>tus</span> <span class='ocrx_word' id='word_1_11' title='bbox 372 463 417 520; x_wconf 87' lang='lat' dir='ltr'>est</span> <span class='ocrx_word' id='word_1_12' title='bbox 440 459 636 520; x_wconf 87' lang='lat' dir='ltr'>bibliothecae</span> <span class='ocrx_word' id='word_1_13' title='bbox 658 461 811 521; x_wconf 73' lang='lat' dir='ltr'>vaticanae</span> <span class='ocrx_word' id='word_1_14' title='bbox 827 463 935 520; x_wconf 88' lang='lat' dir='ltr'>custos.</span> <span class='ocrx_word' id='word_1_15' title='bbox 961 459 1052 519; x_wconf 86' lang='lat' dir='ltr'>miam</span> <span class='ocrx_word' id='word_1_16' title='bbox 1067 459 1274 538; x_wconf 77' lang='lat' dir='ltr'>cognitionem,</span> <span class='ocrx_word' id='word_1_17' title='bbox 1290 462 1326 519; x_wconf 88' lang='lat' dir='ltr'>ut</span> <span class='ocrx_word' id='word_1_18' title='bbox 1339 477 1407 519; x_wconf 91' lang='lat' dir='ltr'>cum</span> <span class='ocrx_word' id='word_1_19' title='bbox 1418 459 1486 520; x_wconf 88' lang='lat' dir='ltr'>aliis</span> <span class='ocrx_word' id='word_1_20' title='bbox 1496 459 1604 522; x_wconf 84' lang='lat' dir='ltr'>doctis·</span> 
     </span>
     <span class='ocr_line' id='line_1_3' title="bbox 295 547 1604 620; baseline 0.002 -12"><span class='ocrx_word' id='word_1_21' title='bbox 295 549 423 608; x_wconf 83' lang='lat' dir='ltr'>Multum</span> <span class='ocrx_word' id='word_1_22' title='bbox 448 548 609 620; x_wconf 89' lang='lat' dir='ltr'>insudavit,</span> <span class='ocrx_word' id='word_1_23' title='bbox 634 552 671 608; x_wconf 90' lang='lat' dir='ltr'>ut</span> <span class='ocrx_word' id='word_1_24' title='bbox 691 550 768 610; x_wconf 88' lang='lat' dir='ltr'>utile</span> <span class='ocrx_word' id='word_1_25' title='bbox 797 548 936 610; x_wconf 87' lang='lat' dir='ltr'>conderet</span> <span class='ocrx_word' id='word_1_26' title='bbox 963 548 1047 608; x_wconf 89' lang='lat' dir='ltr'>simis</span> <span class='ocrx_word' id='word_1_27' title='bbox 1063 547 1135 608; x_wconf 88' lang='lat' dir='ltr'>viris</span> <span class='ocrx_word' id='word_1_28' title='bbox 1157 547 1294 620; x_wconf 86' lang='lat' dir='ltr'>missalis,</span> <span class='ocrx_word' id='word_1_29' title='bbox 1319 548 1459 608; x_wconf 83' lang='lat' dir='ltr'>breviarii</span> <span class='ocrx_word' id='word_1_30' title='bbox 1473 553 1505 609; x_wconf 88' lang='lat' dir='ltr'>et</span> <span class='ocrx_word' id='word_1_31' title='bbox 1527 552 1604 610; x_wconf 81' lang='lat' dir='ltr'>cete·</span> 
     </span>
     <span class='ocr_line' id='line_1_4' title="bbox 294 635 1604 716; baseline 0.001 -19"><span class='ocrx_word' id='word_1_32' title='bbox 294 638 493 714; x_wconf 88' lang='lat' dir='ltr'>repertorium</span> <span class='ocrx_word' id='word_1_33' title='bbox 508 637 643 698; x_wconf 87' lang='lat' dir='ltr'>codicum</span> <span class='ocrx_word' id='word_1_34' title='bbox 657 656 832 716; x_wconf 81' lang='lat' dir='ltr'>graecorum</span> <span class='ocrx_word' id='word_1_35' title='bbox 853 638 936 698; x_wconf 88' lang='lat' dir='ltr'>illius</span> <span class='ocrx_word' id='word_1_36' title='bbox 963 635 1068 697; x_wconf 89' lang='lat' dir='ltr'>chismi</span> <span class='ocrx_word' id='word_1_37' title='bbox 1083 636 1287 697; x_wconf 75' lang='lat' dir='ltr'><strong>reformationi</strong></span> <span class='ocrx_word' id='word_1_38' title='bbox 1307 636 1344 696; x_wconf 87' lang='lat' dir='ltr'>sd</span> <span class='ocrx_word' id='word_1_39' title='bbox 1359 639 1490 698; x_wconf 89' lang='lat' dir='ltr'>mentem</span> <span class='ocrx_word' id='word_1_40' title='bbox 1506 639 1604 699; x_wconf 87' lang='lat' dir='ltr'>couci·</span> 
     </span>
     <span class='ocr_line' id='line_1_5' title="bbox 295 724 1604 810; baseline 0.001 -23"><span class='ocrx_word' id='word_1_41' title='bbox 295 726 499 790; x_wconf 90' lang='lat' dir='ltr'>bibliothecae.</span> <span class='ocrx_word' id='word_1_42' title='bbox 519 726 617 787; x_wconf 78' lang='lat' dir='ltr'>Etiam</span> <span class='ocrx_word' id='word_1_43' title='bbox 632 727 764 788; x_wconf 76' lang='lat' dir='ltr'>Marcelli</span> <span class='ocrx_word' id='word_1_44' title='bbox 786 745 936 788; x_wconf 76' lang='lat' dir='ltr'>successor</span> <span class='ocrx_word' id='word_1_45' title='bbox 962 725 995 785; x_wconf 93' lang='lat' dir='ltr'>lii</span> <span class='ocrx_word' id='word_1_46' title='bbox 1002 725 1347 796; x_wconf 84' lang='lat' dir='ltr'>tridentini,correctioui</span> <span class='ocrx_word' id='word_1_47' title='bbox 1356 727 1563 805; x_wconf 81' lang='lat' dir='ltr'>martyrologii</span> <span class='ocrx_word' id='word_1_48' title='bbox 1570 724 1604 810; x_wconf 74' lang='grc' dir='ltr'>ι),</span> 
     </span>
     <span class='ocr_line' id='line_1_6' title="bbox 295 813 1605 891; baseline 0.002 -17"><span class='ocrx_word' id='word_1_49' title='bbox 295 815 406 876; x_wconf 89' lang='lat' dir='ltr'>Paulus</span> <span class='ocrx_word' id='word_1_50' title='bbox 422 816 471 880; x_wconf 88' lang='lat' dir='ltr'>IV.</span> <span class='ocrx_word' id='word_1_51' title='bbox 497 815 638 876; x_wconf 84' lang='lat' dir='ltr'>Sirletnm</span> <span class='ocrx_word' id='word_1_52' title='bbox 654 817 830 876; x_wconf 88' lang='lat' dir='ltr'>aestimabat</span> <span class='ocrx_word' id='word_1_53' title='bbox 852 835 935 877; x_wconf 92' lang='lat' dir='ltr'>eum·</span> <span class='ocrx_word' id='word_1_54' title='bbox 962 814 1120 875; x_wconf 89' lang='lat' dir='ltr'>acdemum</span> <span class='ocrx_word' id='word_1_55' title='bbox 1131 813 1605 891; x_wconf 89' lang='lat' dir='ltr'>indioilibrorumprohibitorum</span> 
     </span>
     <span class='ocr_line' id='line_1_7' title="bbox 295 901 1603 987; baseline 0.002 -23"><span class='ocrx_word' id='word_1_56' title='bbox 295 923 354 980; x_wconf 91' lang='lat' dir='ltr'>que</span> <span class='ocrx_word' id='word_1_57' title='bbox 369 904 401 964; x_wconf 87' lang='lat' dir='ltr'>in</span> <span class='ocrx_word' id='word_1_58' title='bbox 416 923 534 965; x_wconf 89' lang='lat' dir='ltr'>sacrum</span> <span class='ocrx_word' id='word_1_59' title='bbox 549 907 686 965; x_wconf 87' lang='lat' dir='ltr'>senatum</span> <span class='ocrx_word' id='word_1_60' title='bbox 701 905 810 965; x_wconf 83' lang='lat' dir='ltr'>referre</span> <span class='ocrx_word' id='word_1_61' title='bbox 825 905 935 982; x_wconf 84' lang='lat' dir='ltr'>cogita·</span> <span class='ocrx_word' id='word_1_62' title='bbox 962 921 1123 980; x_wconf 89' lang='lat' dir='ltr'>eorumque</span> <span class='ocrx_word' id='word_1_63' title='bbox 1142 904 1351 981; x_wconf 80' lang='lat' dir='ltr'>expurgationi</span> <span class='ocrx_word' id='word_1_64' title='bbox 1375 901 1603 987; x_wconf 71' lang='lat' dir='ltr'>incumberet2),</span> 
     </span>
     <span class='ocr_line' id='line_1_8' title="bbox 295 992 1605 1070; baseline 0.002 -18"><span class='ocrx_word' id='word_1_65' title='bbox 295 994 361 1066; x_wconf 88' lang='lat' dir='ltr'>bat;</span> <span class='ocrx_word' id='word_1_66' title='bbox 386 993 577 1070; x_wconf 76' lang='lat' dir='ltr'>vicissimque</span> <span class='ocrx_word' id='word_1_67' title='bbox 601 995 729 1054; x_wconf 87' lang='lat' dir='ltr'>Paulum</span> <span class='ocrx_word' id='word_1_68' title='bbox 753 994 880 1054; x_wconf 87' lang='lat' dir='ltr'>Sirletus</span> <span class='ocrx_word' id='word_1_69' title='bbox 904 998 936 1054; x_wconf 90' lang='lat' dir='ltr'>et</span> <span class='ocrx_word' id='word_1_70' title='bbox 961 992 1605 1070; x_wconf 84' lang='lat' dir='ltr'>ecbibliobecaepraeeesetvaticanse,quam</span> 
     </span>
     <span class='ocr_line' id='line_1_9' title="bbox 295 1081 1603 1161; baseline 0.002 -21"><span class='ocrx_word' id='word_1_71' title='bbox 295 1081 440 1160; x_wconf 86' lang='lat' dir='ltr'>diligebat</span> <span class='ocrx_word' id='word_1_72' title='bbox 454 1087 490 1141; x_wconf 88' lang='lat' dir='ltr'>ut</span> <span class='ocrx_word' id='word_1_73' title='bbox 506 1091 622 1158; x_wconf 88' lang='lat' dir='ltr'>patrem</span> <span class='ocrx_word' id='word_1_74' title='bbox 637 1085 668 1142; x_wconf 86' lang='lat' dir='ltr'>et</span> <span class='ocrx_word' id='word_1_75' title='bbox 686 1082 878 1143; x_wconf 75' lang='lat' dir='ltr'>reverebatur</span> <span class='ocrx_word' id='word_1_76' title='bbox 899 1086 936 1143; x_wconf 88' lang='lat' dir='ltr'>ut</span> <span class='ocrx_word' id='word_1_77' title='bbox 961 1082 1102 1142; x_wconf 89' lang='lat' dir='ltr'>totoorbe</span> <span class='ocrx_word' id='word_1_78' title='bbox 1111 1081 1603 1161; x_wconf 84' lang='lat' dir='ltr'>conquisitisexemplaribnsprae·</span> 
     </span>
     <span class='ocr_line' id='line_1_10' title="bbox 294 1170 1602 1248; baseline 0.002 -18"><span class='ocrx_word' id='word_1_79' title='bbox 294 1170 460 1248; x_wconf 83' lang='lat' dir='ltr'>principem</span> <span class='ocrx_word' id='word_1_80' title='bbox 475 1189 509 1231; x_wconf 92' lang='lat' dir='ltr'>ao</span> <span class='ocrx_word' id='word_1_81' title='bbox 523 1171 684 1231; x_wconf 90' lang='lat' dir='ltr'>dominum.</span> <span class='ocrx_word' id='word_1_82' title='bbox 700 1171 785 1232; x_wconf 86' lang='lat' dir='ltr'>Unde</span> <span class='ocrx_word' id='word_1_83' title='bbox 799 1175 935 1232; x_wconf 87' lang='lat' dir='ltr'>nortan-</span> <span class='ocrx_word' id='word_1_84' title='bbox 962 1170 1163 1242; x_wconf 79' lang='lat' dir='ltr'>stmtissimis,</span> <span class='ocrx_word' id='word_1_85' title='bbox 1180 1171 1300 1248; x_wconf 77' lang='lat' dir='ltr'>graccis</span> <span class='ocrx_word' id='word_1_86' title='bbox 1317 1170 1430 1241; x_wconf 86' lang='lat' dir='ltr'>latinis,</span> <span class='ocrx_word' id='word_1_87' title='bbox 1447 1171 1602 1243; x_wconf 89' lang='lat' dir='ltr'>hebraicis,</span> 
     </span>
     <span class='ocr_line' id='line_1_11' title="bbox 295 1258 1603 1342; baseline 0.002 -24"><span class='ocrx_word' id='word_1_88' title='bbox 295 1261 361 1318; x_wconf 89' lang='lat' dir='ltr'>tum</span> <span class='ocrx_word' id='word_1_89' title='bbox 376 1259 491 1320; x_wconf 87' lang='lat' dir='ltr'>viventi</span> <span class='ocrx_word' id='word_1_90' title='bbox 505 1263 649 1337; x_wconf 89' lang='lat' dir='ltr'>perpetuo</span> <span class='ocrx_word' id='word_1_91' title='bbox 667 1261 770 1342; x_wconf 87' lang='lat' dir='ltr'>aderat</span> <span class='ocrx_word' id='word_1_92' title='bbox 785 1265 876 1338; x_wconf 84' lang='lat' dir='ltr'>atque</span> <span class='ocrx_word' id='word_1_93' title='bbox 897 1261 935 1321; x_wconf 85' lang='lat' dir='ltr'>ab</span> <span class='ocrx_word' id='word_1_94' title='bbox 962 1259 1087 1320; x_wconf 74' lang='lat' dir='ltr'>arabicis</span> <span class='ocrx_word' id='word_1_95' title='bbox 1102 1259 1212 1337; x_wconf 88' lang='lat' dir='ltr'>partim</span> <span class='ocrx_word' id='word_1_96' title='bbox 1228 1258 1327 1331; x_wconf 86' lang='lat' dir='ltr'>editis,</span> <span class='ocrx_word' id='word_1_97' title='bbox 1341 1259 1452 1336; x_wconf 88' lang='lat' dir='ltr'>partim</span> <span class='ocrx_word' id='word_1_98' title='bbox 1474 1279 1529 1320; x_wconf 90' lang='lat' dir='ltr'>ms.</span> <span class='ocrx_word' id='word_1_99' title='bbox 1551 1262 1603 1321; x_wconf 88' lang='lat' dir='ltr'>ad·</span> 
     </span>
     <span class='ocr_line' id='line_1_12' title="bbox 295 1348 1602 1425; baseline 0.002 -17"><span class='ocrx_word' id='word_1_100' title='bbox 295 1348 360 1425; x_wconf 84' lang='lat' dir='ltr'>ejus</span> <span class='ocrx_word' id='word_1_101' title='bbox 376 1348 470 1408; x_wconf 89' lang='lat' dir='ltr'>latere</span> <span class='ocrx_word' id='word_1_102' title='bbox 484 1348 533 1410; x_wconf 87' lang='lat' dir='ltr'>vir</span> <span class='ocrx_word' id='word_1_103' title='bbox 543 1348 720 1421; x_wconf 71' lang='lat' dir='ltr'>discedebat,</span> <span class='ocrx_word' id='word_1_104' title='bbox 730 1369 833 1410; x_wconf 91' lang='lat' dir='ltr'>verum</span> <span class='ocrx_word' id='word_1_105' title='bbox 843 1351 935 1409; x_wconf 87' lang='lat' dir='ltr'>ctiam</span> <span class='ocrx_word' id='word_1_106' title='bbox 961 1348 1082 1408; x_wconf 90' lang='lat' dir='ltr'>modum</span> <span class='ocrx_word' id='word_1_107' title='bbox 1097 1349 1189 1413; x_wconf 86' lang='lat' dir='ltr'>auxit.</span> <span class='ocrx_word' id='word_1_108' title='bbox 1203 1349 1347 1425; x_wconf 78' lang='lat' dir='ltr'>Ampium</span> <span class='ocrx_word' id='word_1_109' title='bbox 1362 1348 1437 1409; x_wconf 83' lang='lat' dir='ltr'>fovit</span> <span class='ocrx_word' id='word_1_110' title='bbox 1459 1367 1602 1410; x_wconf 88' lang='lat' dir='ltr'>commer-</span> 
     </span>
     <span class='ocr_line' id='line_1_13' title="bbox 296 1437 1603 1514; baseline 0.002 -18"><span class='ocrx_word' id='word_1_111' title='bbox 296 1437 475 1498; x_wconf 85' lang='lat' dir='ltr'>morientem</span> <span class='ocrx_word' id='word_1_112' title='bbox 495 1456 651 1514; x_wconf 87' lang='lat' dir='ltr'>nunquam</span> <span class='ocrx_word' id='word_1_113' title='bbox 674 1438 815 1510; x_wconf 89' lang='lat' dir='ltr'>deseruit,</span> <span class='ocrx_word' id='word_1_114' title='bbox 831 1439 882 1500; x_wconf 92' lang='lat' dir='ltr'>sed</span> <span class='ocrx_word' id='word_1_115' title='bbox 897 1439 934 1498; x_wconf 93' lang='lat' dir='ltr'>ed</span> <span class='ocrx_word' id='word_1_116' title='bbox 961 1437 1041 1498; x_wconf 90' lang='lat' dir='ltr'>oium</span> <span class='ocrx_word' id='word_1_117' title='bbox 1070 1437 1232 1513; x_wconf 87' lang='lat' dir='ltr'>epistolare</span> <span class='ocrx_word' id='word_1_118' title='bbox 1261 1455 1329 1496; x_wconf 90' lang='lat' dir='ltr'>cum</span> <span class='ocrx_word' id='word_1_119' title='bbox 1354 1437 1504 1514; x_wconf 85' lang='lat' dir='ltr'>plurimus</span> <span class='ocrx_word' id='word_1_120' title='bbox 1529 1439 1603 1499; x_wconf 87' lang='lat' dir='ltr'>viria</span> 
     </span>
     <span class='ocr_line' id='line_1_14' title="bbox 294 1525 1602 1606; baseline 0.002 -21"><span class='ocrx_word' id='word_1_121' title='bbox 294 1529 460 1586; x_wconf 84' lang='lat' dir='ltr'>extremum</span> <span class='ocrx_word' id='word_1_122' title='bbox 475 1545 570 1604; x_wconf 92' lang='lat' dir='ltr'>usque</span> <span class='ocrx_word' id='word_1_123' title='bbox 586 1528 726 1604; x_wconf 88' lang='lat' dir='ltr'>spiritum</span> <span class='ocrx_word' id='word_1_124' title='bbox 742 1527 838 1589; x_wconf 86' lang='lat' dir='ltr'>fidelis</span> <span class='ocrx_word' id='word_1_125' title='bbox 853 1528 881 1588; x_wconf 90' lang='lat' dir='ltr'>ei</span> <span class='ocrx_word' id='word_1_126' title='bbox 890 1527 934 1587; x_wconf 85' lang='lat' dir='ltr'>ai·</span> <span class='ocrx_word' id='word_1_127' title='bbox 961 1525 1055 1587; x_wconf 84' lang='lat' dir='ltr'>doctis</span> <span class='ocrx_word' id='word_1_128' title='bbox 1070 1527 1119 1586; x_wconf 90' lang='lat' dir='ltr'>sui</span> <span class='ocrx_word' id='word_1_129' title='bbox 1133 1525 1206 1587; x_wconf 78' lang='lat' dir='ltr'>aevi</span> <span class='ocrx_word' id='word_1_130' title='bbox 1222 1525 1296 1585; x_wconf 84' lang='lat' dir='ltr'>liira</span> <span class='ocrx_word' id='word_1_131' title='bbox 1310 1529 1374 1585; x_wconf 87' lang='lat' dir='ltr'>erat</span> <span class='ocrx_word' id='word_1_132' title='bbox 1388 1528 1454 1603; x_wconf 87' lang='lat' dir='ltr'>ejus</span> <span class='ocrx_word' id='word_1_133' title='bbox 1476 1528 1509 1587; x_wconf 91' lang='lat' dir='ltr'>in</span> <span class='ocrx_word' id='word_1_134' title='bbox 1534 1547 1602 1606; x_wconf 76' lang='lat' dir='ltr'>ege·</span> 
     </span>
     <span class='ocr_line' id='line_1_15' title="bbox 294 1612 1601 1694; baseline 0.003 -21"><span class='ocrx_word' id='word_1_135' title='bbox 294 1612 391 1692; x_wconf 83' lang='lat' dir='ltr'>fuic1).</span> <span class='ocrx_word' id='word_1_136' title='bbox 407 1617 479 1675; x_wconf 91' lang='lat' dir='ltr'>Pius</span> <span class='ocrx_word' id='word_1_137' title='bbox 494 1616 542 1678; x_wconf 89' lang='lat' dir='ltr'>1v.</span> <span class='ocrx_word' id='word_1_138' title='bbox 560 1616 702 1677; x_wconf 86' lang='lat' dir='ltr'>Sirletum</span> <span class='ocrx_word' id='word_1_139' title='bbox 714 1619 745 1675; x_wconf 86' lang='grc'>55</span> <span class='ocrx_word' id='word_1_140' title='bbox 753 1617 817 1693; x_wconf 86' lang='lat' dir='ltr'>ipse</span> <span class='ocrx_word' id='word_1_141' title='bbox 826 1635 934 1694; x_wconf 82' lang='lat' dir='ltr'>magno</span> <span class='ocrx_word' id='word_1_142' title='bbox 960 1633 1016 1674; x_wconf 91' lang='lat' dir='ltr'>nos</span> <span class='ocrx_word' id='word_1_143' title='bbox 1032 1615 1234 1686; x_wconf 86' lang='lat' dir='ltr'>beneficentia,</span> <span class='ocrx_word' id='word_1_144' title='bbox 1251 1615 1426 1692; x_wconf 89' lang='lat' dir='ltr'>praesertim</span> <span class='ocrx_word' id='word_1_145' title='bbox 1441 1616 1474 1675; x_wconf 91' lang='lat' dir='ltr'>in</span> <span class='ocrx_word' id='word_1_146' title='bbox 1487 1616 1601 1677; x_wconf 88' lang='lat' dir='ltr'>adoles·</span> 
     </span>
     <span class='ocr_line' id='line_1_16' title="bbox 294 1703 1602 1782; baseline 0.002 -20"><span class='ocrx_word' id='word_1_147' title='bbox 294 1703 401 1763; x_wconf 88' lang='lat' dir='ltr'>habuit</span> <span class='ocrx_word' id='word_1_148' title='bbox 415 1704 448 1764; x_wconf 91' lang='lat' dir='ltr'>in</span> <span class='ocrx_word' id='word_1_149' title='bbox 463 1704 561 1781; x_wconf 90' lang='lat' dir='ltr'>pretio</span> <span class='ocrx_word' id='word_1_150' title='bbox 576 1705 701 1781; x_wconf 88' lang='lat' dir='ltr'>ejusque</span> <span class='ocrx_word' id='word_1_151' title='bbox 719 1705 788 1764; x_wconf 85' lang='lat' dir='ltr'>fidei</span> <span class='ocrx_word' id='word_1_152' title='bbox 804 1723 838 1766; x_wconf 91' lang='lat' dir='ltr'>ac</span> <span class='ocrx_word' id='word_1_153' title='bbox 852 1708 934 1766; x_wconf 85' lang='lat' dir='ltr'>tute·</span> <span class='ocrx_word' id='word_1_154' title='bbox 960 1707 1060 1764; x_wconf 79' lang='grc'>555555</span> <span class='ocrx_word' id='word_1_155' title='bbox 1075 1704 1187 1782; x_wconf 86' lang='lat' dir='ltr'>inopes,</span> <span class='ocrx_word' id='word_1_156' title='bbox 1205 1722 1280 1780; x_wconf 90' lang='lat' dir='ltr'>quos</span> <span class='ocrx_word' id='word_1_157' title='bbox 1297 1703 1435 1765; x_wconf 89' lang='lat' dir='ltr'>omuibus</span> <span class='ocrx_word' id='word_1_158' title='bbox 1451 1705 1556 1778; x_wconf 88' lang='lat' dir='ltr'>modis,</span> <span class='ocrx_word' id='word_1_159' title='bbox 1567 1711 1602 1766; x_wconf 89' lang='lat' dir='ltr'>ut</span> 
     </span>
     <span class='ocr_line' id='line_1_17' title="bbox 294 1793 1601 1869; baseline 0.004 -18"><span class='ocrx_word' id='word_1_160' title='bbox 294 1793 340 1852; x_wconf 85' lang='lat' dir='ltr'>lae</span> <span class='ocrx_word' id='word_1_161' title='bbox 355 1795 494 1869; x_wconf 81' lang='lat' dir='ltr'>nepotem</span> <span class='ocrx_word' id='word_1_162' title='bbox 517 1811 615 1864; x_wconf 87' lang='lat' dir='ltr'>suum,</span> <span class='ocrx_word' id='word_1_163' title='bbox 632 1812 654 1853; x_wconf 92' lang='lat' dir='ltr'>s.</span> <span class='ocrx_word' id='word_1_164' title='bbox 670 1794 803 1854; x_wconf 80' lang='lat' dir='ltr'>(lercium</span> <span class='ocrx_word' id='word_1_165' title='bbox 825 1795 933 1855; x_wconf 91' lang='lat' dir='ltr'>Borro·</span> <span class='ocrx_word' id='word_1_166' title='bbox 960 1793 1067 1852; x_wconf 89' lang='lat' dir='ltr'>studiis</span> <span class='ocrx_word' id='word_1_167' title='bbox 1077 1811 1182 1853; x_wconf 91' lang='lat' dir='ltr'>vacare</span> <span class='ocrx_word' id='word_1_168' title='bbox 1192 1795 1322 1869; x_wconf 88' lang='lat' dir='ltr'>possent,</span> <span class='ocrx_word' id='word_1_169' title='bbox 1330 1793 1420 1869; x_wconf 88' lang='lat' dir='ltr'>juvit</span> <span class='ocrx_word' id='word_1_170' title='bbox 1428 1793 1529 1854; x_wconf 87' lang='lat' dir='ltr'>Vitam</span> <span class='ocrx_word' id='word_1_171' title='bbox 1539 1813 1601 1856; x_wconf 90' lang='lat' dir='ltr'>om·</span> 
     </span>
     <span class='ocr_line' id='line_1_18' title="bbox 294 1881 1602 1961; baseline 0.002 -21"><span class='ocrx_word' id='word_1_172' title='bbox 294 1900 420 1953; x_wconf 83' lang='lat' dir='ltr'>meeum,</span> <span class='ocrx_word' id='word_1_173' title='bbox 431 1883 586 1954; x_wconf 90' lang='lat' dir='ltr'>commisit,</span> <span class='ocrx_word' id='word_1_174' title='bbox 601 1883 637 1942; x_wconf 89' lang='lat' dir='ltr'>ad</span> <span class='ocrx_word' id='word_1_175' title='bbox 652 1882 737 1960; x_wconf 82' lang='lat' dir='ltr'>cujus</span> <span class='ocrx_word' id='word_1_176' title='bbox 751 1901 852 1961; x_wconf 91' lang='lat' dir='ltr'>preces</span> <span class='ocrx_word' id='word_1_177' title='bbox 866 1903 933 1943; x_wconf 90' lang='lat' dir='ltr'>eum</span> <span class='ocrx_word' id='word_1_178' title='bbox 960 1881 1050 1941; x_wconf 89' lang='lat' dir='ltr'>nibus</span> <span class='ocrx_word' id='word_1_179' title='bbox 1065 1881 1231 1941; x_wconf 88' lang='lat' dir='ltr'>virtutibus</span> <span class='ocrx_word' id='word_1_180' title='bbox 1247 1884 1382 1941; x_wconf 89' lang='lat' dir='ltr'>ornatam</span> <span class='ocrx_word' id='word_1_181' title='bbox 1403 1882 1519 1960; x_wconf 87' lang='lat' dir='ltr'>placido</span> <span class='ocrx_word' id='word_1_182' title='bbox 1543 1883 1602 1943; x_wconf 86' lang='lat' dir='ltr'>fine</span> 
     </span>
     <span class='ocr_line' id='line_1_19' title="bbox 295 1967 1601 2054; baseline 0.002 -24"><span class='ocrx_word' id='word_1_183' title='bbox 295 1967 934 2054; x_wconf 81' lang='lat' dir='ltr'>cardinalemcreavit(l565):maximaenim</span> <span class='ocrx_word' id='word_1_184' title='bbox 960 1971 1116 2041; x_wconf 74' lang='lat' dir='ltr'>conclusit,</span> <span class='ocrx_word' id='word_1_185' title='bbox 1145 1970 1303 2030; x_wconf 79' lang='lat' dir='ltr'>assistente</span> <span class='ocrx_word' id='word_1_186' title='bbox 1334 1970 1391 2029; x_wconf 91' lang='lat' dir='ltr'>sibi</span> <span class='ocrx_word' id='word_1_187' title='bbox 1416 1989 1438 2033; x_wconf 89' lang='lat' dir='ltr'>s.</span> <span class='ocrx_word' id='word_1_188' title='bbox 1465 1971 1601 2049; x_wconf 89' lang='lat' dir='ltr'>Philippo</span> 
     </span>
     <span class='ocr_line' id='line_1_20' title="bbox 295 2059 1600 2135; baseline 0.002 -18"><span class='ocrx_word' id='word_1_189' title='bbox 295 2060 361 2135; x_wconf 88' lang='lat' dir='ltr'>ejus</span> <span class='ocrx_word' id='word_1_190' title='bbox 370 2059 453 2120; x_wconf 88' lang='lat' dir='ltr'>luere</span> <span class='ocrx_word' id='word_1_191' title='bbox 462 2060 567 2120; x_wconf 89' lang='lat' dir='ltr'>merita</span> <span class='ocrx_word' id='word_1_192' title='bbox 576 2060 613 2120; x_wconf 94' lang='lat' dir='ltr'>de</span> <span class='ocrx_word' id='word_1_193' title='bbox 623 2061 749 2121; x_wconf 89' lang='lat' dir='ltr'>concilio</span> <span class='ocrx_word' id='word_1_194' title='bbox 758 2061 932 2132; x_wconf 87' lang='lat' dir='ltr'>tridentino,</span> <span class='ocrx_word' id='word_1_195' title='bbox 960 2059 1057 2128; x_wconf 87' lang='lat' dir='ltr'>Nerio,</span> <span class='ocrx_word' id='word_1_196' title='bbox 1083 2069 1110 2122; x_wconf 83' lang='lat'>6.</span> <span class='ocrx_word' id='word_1_197' title='bbox 1134 2059 1196 2118; x_wconf 90' lang='lat' dir='ltr'>Oct.</span> <span class='ocrx_word' id='word_1_198' title='bbox 1223 2067 1304 2124; x_wconf 89' lang='grc'>1585</span> <span class='ocrx_word' id='word_1_199' title='bbox 1327 2078 1405 2119; x_wconf 89' lang='lat' dir='ltr'>anno</span> <span class='ocrx_word' id='word_1_200' title='bbox 1427 2062 1600 2126; x_wconf 76' lang='grc'>55555571.</span> 
     </span>
     <span class='ocr_line' id='line_1_21' title="bbox 294 2148 1601 2228; baseline 0.002 -21"><span class='ocrx_word' id='word_1_201' title='bbox 294 2149 380 2224; x_wconf 88' lang='lat' dir='ltr'>eujus</span> <span class='ocrx_word' id='word_1_202' title='bbox 396 2149 520 2222; x_wconf 89' lang='lat' dir='ltr'>labores,</span> <span class='ocrx_word' id='word_1_203' title='bbox 536 2150 608 2209; x_wconf 91' lang='lat' dir='ltr'>licet</span> <span class='ocrx_word' id='word_1_204' title='bbox 621 2151 730 2210; x_wconf 83' lang='lat' dir='ltr'>Romae</span> <span class='ocrx_word' id='word_1_205' title='bbox 745 2151 874 2228; x_wconf 81' lang='lat' dir='ltr'>degeret,</span> <span class='ocrx_word' id='word_1_206' title='bbox 891 2151 934 2211; x_wconf 88' lang='lat' dir='ltr'>ita</span> <span class='ocrx_word' id='word_1_207' title='bbox 960 2148 1077 2226; x_wconf 83' lang='lat' dir='ltr'>Magnis</span> <span class='ocrx_word' id='word_1_208' title='bbox 1099 2148 1240 2208; x_wconf 89' lang='lat' dir='ltr'>encomiis</span> <span class='ocrx_word' id='word_1_209' title='bbox 1266 2148 1303 2208; x_wconf 87' lang='lat' dir='ltr'>ab</span> <span class='ocrx_word' id='word_1_210' title='bbox 1327 2149 1502 2225; x_wconf 81' lang='lat' dir='ltr'>aequalibus</span> <span class='ocrx_word' id='word_1_211' title='bbox 1526 2151 1601 2210; x_wconf 88' lang='lat' dir='ltr'>cele-</span> 
     </span>
     <span class='ocr_line' id='line_1_22' title="bbox 293 2237 1600 2316; baseline 0.003 -21"><span class='ocrx_word' id='word_1_212' title='bbox 293 2239 450 2313; x_wconf 90' lang='lat' dir='ltr'>promovit,</span> <span class='ocrx_word' id='word_1_213' title='bbox 466 2242 503 2299; x_wconf 90' lang='lat' dir='ltr'>ut</span> <span class='ocrx_word' id='word_1_214' title='bbox 518 2238 700 2316; x_wconf 84' lang='lat' dir='ltr'>Seripandus</span> <span class='ocrx_word' id='word_1_215' title='bbox 718 2241 933 2316; x_wconf 88' lang='lat' dir='ltr'>conciliiprao·</span> <span class='ocrx_word' id='word_1_216' title='bbox 960 2237 1356 2313; x_wconf 81' lang='lat' dir='ltr'>bratur.bisrcusdutouius</span> <span class='ocrx_word' id='word_1_217' title='bbox 1366 2239 1501 2298; x_wconf 83' lang='lat' dir='ltr'>Muretus</span> <span class='ocrx_word' id='word_1_218' title='bbox 1511 2257 1600 2316; x_wconf 91' lang='lat' dir='ltr'>prop·</span> 
     </span>
     <span class='ocr_line' id='line_1_23' title="bbox 294 2325 1601 2406; baseline 0.002 -21"><span class='ocrx_word' id='word_1_219' title='bbox 294 2343 340 2384; x_wconf 89' lang='lat' dir='ltr'>ses</span> <span class='ocrx_word' id='word_1_220' title='bbox 365 2327 518 2399; x_wconf 83' lang='lat' dir='ltr'>fateretur,</span> <span class='ocrx_word' id='word_1_221' title='bbox 544 2328 685 2388; x_wconf 86' lang='lat' dir='ltr'>Sirlctum</span> <span class='ocrx_word' id='word_1_222' title='bbox 706 2329 776 2406; x_wconf 90' lang='lat' dir='ltr'>plue</span> <span class='ocrx_word' id='word_1_223' title='bbox 803 2330 931 2406; x_wconf 84' lang='lat' dir='ltr'>juvasse,</span> <span class='ocrx_word' id='word_1_224' title='bbox 959 2325 1380 2386; x_wconf 84' lang='lat' dir='ltr'>terexactissimamlibrorum</span> <span class='ocrx_word' id='word_1_225' title='bbox 1389 2327 1522 2387; x_wconf 91' lang='lat' dir='ltr'>omnium</span> <span class='ocrx_word' id='word_1_226' title='bbox 1534 2347 1601 2406; x_wconf 81' lang='lat' dir='ltr'>cog·</span> 
     </span>
     <span class='ocr_line' id='line_1_24' title="bbox 293 2415 1599 2494; baseline 0.002 -21"><span class='ocrx_word' id='word_1_227' title='bbox 293 2433 383 2490; x_wconf 92' lang='lat' dir='ltr'>quam</span> <span class='ocrx_word' id='word_1_228' title='bbox 397 2415 428 2474; x_wconf 89' lang='lat' dir='ltr'>id</span> <span class='ocrx_word' id='word_1_229' title='bbox 444 2417 594 2493; x_wconf 83' lang='lat' dir='ltr'>praesules</span> <span class='ocrx_word' id='word_1_230' title='bbox 613 2427 652 2481; x_wconf 89' lang='lat'>50</span> <span class='ocrx_word' id='word_1_231' title='bbox 669 2418 839 2494; x_wconf 86' lang='lat' dir='ltr'>potuissent</span> <span class='ocrx_word' id='word_1_232' title='bbox 848 2437 933 2494; x_wconf 88' lang='lat' dir='ltr'>prae-</span> <span class='ocrx_word' id='word_1_233' title='bbox 960 2415 1102 2476; x_wconf 83' lang='lat' dir='ltr'>ultionem</span> <span class='ocrx_word' id='word_1_234' title='bbox 1119 2433 1188 2474; x_wconf 89' lang='lat' dir='ltr'>eum</span> <span class='ocrx_word' id='word_1_235' title='bbox 1203 2415 1328 2490; x_wconf 84' lang='lat' dir='ltr'>,spirans</span> <span class='ocrx_word' id='word_1_236' title='bbox 1343 2423 1489 2476; x_wconf 88' lang='lat' dir='ltr'>museum‘</span> <span class='ocrx_word' id='word_1_237' title='bbox 1499 2417 1599 2494; x_wconf 89' lang='lat' dir='ltr'>appel-</span> 
     </span>
     <span class='ocr_line' id='line_1_25' title="bbox 293 2503 1601 2578; baseline 0.001 -16"><span class='ocrx_word' id='word_1_238' title='bbox 293 2505 380 2563; x_wconf 87' lang='lat' dir='ltr'>stare.</span> <span class='ocrx_word' id='word_1_239' title='bbox 403 2505 476 2566; x_wconf 92' lang='lat' dir='ltr'>Post</span> <span class='ocrx_word' id='word_1_240' title='bbox 491 2506 535 2565; x_wconf 90' lang='lat' dir='ltr'>Pii</span> <span class='ocrx_word' id='word_1_241' title='bbox 551 2505 600 2566; x_wconf 86' lang='lat' dir='ltr'>IV.</span> <span class='ocrx_word' id='word_1_242' title='bbox 617 2510 743 2567; x_wconf 90' lang='lat' dir='ltr'>mortem</span> <span class='ocrx_word' id='word_1_243' title='bbox 765 2510 826 2565; x_wconf 88' lang='lat' dir='ltr'>tam</span> <span class='ocrx_word' id='word_1_244' title='bbox 843 2525 864 2566; x_wconf 92' lang='lat' dir='ltr'>s.</span> <span class='ocrx_word' id='word_1_245' title='bbox 881 2507 933 2565; x_wconf 81' lang='lat' dir='ltr'>Ca·</span> <span class='ocrx_word' id='word_1_246' title='bbox 960 2505 1012 2576; x_wconf 89' lang='lat' dir='ltr'>lat,</span> <span class='ocrx_word' id='word_1_247' title='bbox 1030 2503 1197 2564; x_wconf 86' lang='lat' dir='ltr'>Stanislaus</span> <span class='ocrx_word' id='word_1_248' title='bbox 1218 2504 1339 2564; x_wconf 76' lang='lat' dir='ltr'>Rescim</span> <span class='ocrx_word' id='word_1_249' title='bbox 1362 2504 1470 2578; x_wconf 65' lang='lat' dir='ltr'>,usam</span> <span class='ocrx_word' id='word_1_250' title='bbox 1491 2505 1601 2565; x_wconf 75' lang='lat' dir='ltr'>christi</span> 
     </span>
     <span class='ocr_line' id='line_1_26' title="bbox 292 2591 1600 2676; baseline 0.002 -25"><span class='ocrx_word' id='word_1_251' title='bbox 292 2593 376 2652; x_wconf 89' lang='lat' dir='ltr'>rolus</span> <span class='ocrx_word' id='word_1_252' title='bbox 397 2591 488 2670; x_wconf 78' lang='lat' dir='ltr'>duam</span> <span class='ocrx_word' id='word_1_253' title='bbox 511 2595 634 2654; x_wconf 87' lang='lat' dir='ltr'>Michael</span> <span class='ocrx_word' id='word_1_254' title='bbox 658 2595 820 2656; x_wconf 84' lang='lat' dir='ltr'>Ghislen&#39;us</span> <span class='ocrx_word' id='word_1_255' title='bbox 837 2591 932 2676; x_wconf 87' lang='lat' dir='ltr'>(post-</span> <span class='ocrx_word' id='word_1_256' title='bbox 959 2592 1312 2656; x_wconf 80' lang='lat' dir='ltr'>bibliothecam‘ltavero</span> <span class='ocrx_word' id='word_1_257' title='bbox 1325 2592 1600 2653; x_wconf 86' lang='lat' dir='ltr'>scribitStanislaus</span> 
     </span>
     <span class='ocr_line' id='line_1_27' title="bbox 294 2677 1600 2766; baseline 0.003 -27"><span class='ocrx_word' id='word_1_258' title='bbox 294 2681 416 2741; x_wconf 91' lang='lat' dir='ltr'>modum</span> <span class='ocrx_word' id='word_1_259' title='bbox 433 2703 454 2742; x_wconf 91' lang='grc'>5.</span> <span class='ocrx_word' id='word_1_260' title='bbox 472 2684 543 2743; x_wconf 90' lang='lat' dir='ltr'>Pius</span> <span class='ocrx_word' id='word_1_261' title='bbox 559 2677 606 2766; x_wconf 86' lang='lat' dir='ltr'>V.)</span> <span class='ocrx_word' id='word_1_262' title='bbox 622 2682 658 2742; x_wconf 91' lang='lat' dir='ltr'>de</span> <span class='ocrx_word' id='word_1_263' title='bbox 674 2702 708 2743; x_wconf 89' lang='lat' dir='ltr'>eo</span> <span class='ocrx_word' id='word_1_264' title='bbox 722 2683 754 2742; x_wconf 90' lang='lat' dir='ltr'>in</span> <span class='ocrx_word' id='word_1_265' title='bbox 763 2683 932 2760; x_wconf 88' lang='lat' dir='ltr'>pontificem</span> <span class='ocrx_word' id='word_1_266' title='bbox 960 2682 1084 2742; x_wconf 88' lang='lat' dir='ltr'>Hosius:</span> <span class='ocrx_word' id='word_1_267' title='bbox 1107 2681 1241 2752; x_wconf 88' lang='lat' dir='ltr'>„Vellem</span> <span class='ocrx_word' id='word_1_268' title='bbox 1263 2681 1378 2742; x_wconf 89' lang='lat' dir='ltr'>ostendi</span> <span class='ocrx_word' id='word_1_269' title='bbox 1400 2683 1475 2742; x_wconf 90' lang='lat' dir='ltr'>mihi</span> <span class='ocrx_word' id='word_1_270' title='bbox 1496 2701 1600 2759; x_wconf 89' lang='lat' dir='ltr'>quem·</span> 
     </span>
     <span class='ocr_line' id='line_1_28' title="bbox 293 2769 1598 2848; baseline 0.002 -20"><span class='ocrx_word' id='word_1_271' title='bbox 293 2769 430 2848; x_wconf 84' lang='lat' dir='ltr'>eligendo</span> <span class='ocrx_word' id='word_1_272' title='bbox 452 2771 528 2830; x_wconf 91' lang='lat' dir='ltr'>serio</span> <span class='ocrx_word' id='word_1_273' title='bbox 551 2775 685 2848; x_wconf 85' lang='lat' dir='ltr'>egerunt,</span> <span class='ocrx_word' id='word_1_274' title='bbox 709 2791 802 2848; x_wconf 87' lang='lat' dir='ltr'>eaque</span> <span class='ocrx_word' id='word_1_275' title='bbox 818 2772 882 2832; x_wconf 90' lang='lat' dir='ltr'>sola</span> <span class='ocrx_word' id='word_1_276' title='bbox 896 2773 933 2832; x_wconf 87' lang='lat' dir='ltr'>de</span> <span class='ocrx_word' id='word_1_277' title='bbox 959 2771 1048 2846; x_wconf 87' lang='lat' dir='ltr'>piam,</span> <span class='ocrx_word' id='word_1_278' title='bbox 1065 2771 1118 2846; x_wconf 91' lang='lat' dir='ltr'>qui</span> <span class='ocrx_word' id='word_1_279' title='bbox 1135 2771 1175 2829; x_wconf 86' lang='lat' dir='ltr'>sit</span> <span class='ocrx_word' id='word_1_280' title='bbox 1189 2771 1250 2828; x_wconf 90' lang='lat' dir='ltr'>tam</span> <span class='ocrx_word' id='word_1_281' title='bbox 1273 2769 1443 2831; x_wconf 89' lang='lat' dir='ltr'>reconditae</span> <span class='ocrx_word' id='word_1_282' title='bbox 1455 2771 1598 2842; x_wconf 89' lang='lat' dir='ltr'>lectionis,</span> 
     </span>
     <span class='ocr_line' id='line_1_29' title="bbox 294 2858 1600 2938; baseline 0.002 -20"><span class='ocrx_word' id='word_1_283' title='bbox 294 2876 381 2918; x_wconf 88' lang='lat' dir='ltr'>causa</span> <span class='ocrx_word' id='word_1_284' title='bbox 391 2859 568 2934; x_wconf 88' lang='lat' dir='ltr'>pontificatu</span> <span class='ocrx_word' id='word_1_285' title='bbox 577 2860 843 2930; x_wconf 86' lang='lat' dir='ltr'>excidissedioitur,</span> <span class='ocrx_word' id='word_1_286' title='bbox 853 2862 932 2938; x_wconf 92' lang='lat' dir='ltr'>quod</span> <span class='ocrx_word' id='word_1_287' title='bbox 959 2860 1011 2935; x_wconf 92' lang='lat' dir='ltr'>qui</span> <span class='ocrx_word' id='word_1_288' title='bbox 1027 2862 1088 2918; x_wconf 86' lang='lat' dir='ltr'>tam</span> <span class='ocrx_word' id='word_1_289' title='bbox 1103 2859 1199 2917; x_wconf 86' lang='lat' dir='ltr'>multa</span> <span class='ocrx_word' id='word_1_290' title='bbox 1214 2858 1323 2919; x_wconf 88' lang='lat' dir='ltr'>viderit</span> <span class='ocrx_word' id='word_1_291' title='bbox 1338 2861 1484 2937; x_wconf 85' lang='lat' dir='ltr'>tantoque</span> <span class='ocrx_word' id='word_1_292' title='bbox 1500 2860 1600 2920; x_wconf 85' lang='lat' dir='ltr'>labore</span> 
     </span>
     <span class='ocr_line' id='line_1_30' title="bbox 292 2943 1608 3032; baseline 0.002 -26"><span class='ocrx_word' id='word_1_293' title='bbox 292 2948 430 3006; x_wconf 86' lang='lat' dir='ltr'>nonnulli</span> <span class='ocrx_word' id='word_1_294' title='bbox 446 2947 626 3020; x_wconf 86' lang='lat' dir='ltr'>dubitarent,</span> <span class='ocrx_word' id='word_1_295' title='bbox 643 2969 681 3008; x_wconf 86' lang='lat' dir='ltr'>an</span> <span class='ocrx_word' id='word_1_296' title='bbox 696 2950 783 3009; x_wconf 92' lang='lat' dir='ltr'>bomo</span> <span class='ocrx_word' id='word_1_297' title='bbox 798 2953 881 3009; x_wconf 86' lang='lat' dir='ltr'>totus</span> <span class='ocrx_word' id='word_1_298' title='bbox 897 2950 932 3008; x_wconf 92' lang='lat' dir='ltr'>li·</span> <span class='ocrx_word' id='word_1_299' title='bbox 959 2947 1074 3025; x_wconf 81' lang='lat' dir='ltr'>legerit,</span> <span class='ocrx_word' id='word_1_300' title='bbox 1092 2965 1180 3022; x_wconf 86' lang='lat' dir='ltr'>quam</span> <span class='ocrx_word' id='word_1_301' title='bbox 1197 2947 1351 3008; x_wconf 84' lang='lat' dir='ltr'>Torrensic</span> <span class='ocrx_word' id='word_1_302' title='bbox 1368 2943 1488 3031; x_wconf 90' lang='lat' dir='ltr'>(dequo</span> <span class='ocrx_word' id='word_1_303' title='bbox 1500 2945 1608 3032; x_wconf 62' lang='lat' dir='ltr'>iufra),</span> 
     </span>
     <span class='ocr_line' id='line_1_31' title="bbox 292 3035 1600 3116; baseline 0.002 -21"><span class='ocrx_word' id='word_1_304' title='bbox 292 3035 355 3096; x_wconf 90' lang='lat' dir='ltr'>bris</span> <span class='ocrx_word' id='word_1_305' title='bbox 371 3039 402 3096; x_wconf 87' lang='lat' dir='ltr'>et</span> <span class='ocrx_word' id='word_1_306' title='bbox 416 3037 571 3097; x_wconf 89' lang='lat' dir='ltr'>literarum</span> <span class='ocrx_word' id='word_1_307' title='bbox 587 3038 695 3097; x_wconf 89' lang='lat' dir='ltr'>studiis</span> <span class='ocrx_word' id='word_1_308' title='bbox 711 3038 866 3098; x_wconf 87' lang='lat' dir='ltr'>immersus</span> <span class='ocrx_word' id='word_1_309' title='bbox 880 3059 932 3116; x_wconf 87' lang='lat' dir='ltr'>pa·</span> <span class='ocrx_word' id='word_1_310' title='bbox 959 3037 1021 3114; x_wconf 80' lang='lat' dir='ltr'>ligo</span> <span class='ocrx_word' id='word_1_311' title='bbox 1031 3039 1112 3096; x_wconf 90' lang='lat' dir='ltr'>certo</span> <span class='ocrx_word' id='word_1_312' title='bbox 1122 3039 1239 3112; x_wconf 87' lang='lat' dir='ltr'>praeter</span> <span class='ocrx_word' id='word_1_313' title='bbox 1249 3055 1343 3096; x_wconf 88' lang='lat' dir='ltr'>unum</span> <span class='ocrx_word' id='word_1_314' title='bbox 1351 3037 1531 3097; x_wconf 89' lang='lat' dir='ltr'>cardinalem</span> <span class='ocrx_word' id='word_1_315' title='bbox 1540 3039 1600 3097; x_wconf 88' lang='lat' dir='ltr'>Sir·</span> 
     </span>
     <span class='ocr_line' id='line_1_32' title="bbox 292 3125 1600 3204; baseline 0.001 -20"><span class='ocrx_word' id='word_1_316' title='bbox 292 3144 420 3201; x_wconf 90' lang='lat' dir='ltr'>rumque</span> <span class='ocrx_word' id='word_1_317' title='bbox 428 3127 519 3186; x_wconf 87' lang='lat' dir='ltr'>rebus</span> <span class='ocrx_word' id='word_1_318' title='bbox 528 3127 665 3204; x_wconf 83' lang='lat' dir='ltr'>regendis</span> <span class='ocrx_word' id='word_1_319' title='bbox 674 3127 853 3188; x_wconf 84' lang='lat' dir='ltr'>exercitatus</span> <span class='ocrx_word' id='word_1_320' title='bbox 864 3131 931 3188; x_wconf 89' lang='lat' dir='ltr'>tan·</span> <span class='ocrx_word' id='word_1_321' title='bbox 959 3127 1054 3184; x_wconf 90' lang='lat' dir='ltr'>letum</span> <span class='ocrx_word' id='word_1_322' title='bbox 1070 3125 1130 3185; x_wconf 90' lang='lat' dir='ltr'>scio</span> <span class='ocrx_word' id='word_1_323' title='bbox 1145 3125 1302 3198; x_wconf 90' lang='lat' dir='ltr'>neminem,</span> <span class='ocrx_word' id='word_1_324' title='bbox 1319 3125 1356 3184; x_wconf 88' lang='lat' dir='ltr'>sd</span> <span class='ocrx_word' id='word_1_325' title='bbox 1372 3145 1462 3202; x_wconf 89' lang='lat' dir='ltr'>quom</span> <span class='ocrx_word' id='word_1_326' title='bbox 1472 3127 1600 3187; x_wconf 82' lang='lat' dir='ltr'>velutad</span> 
     </span>
     <span class='ocr_line' id='line_1_33' title="bbox 291 3214 1600 3294; baseline 0.002 -21"><span class='ocrx_word' id='word_1_327' title='bbox 291 3217 353 3273; x_wconf 87' lang='lat' dir='ltr'>tam</span> <span class='ocrx_word' id='word_1_328' title='bbox 371 3216 560 3294; x_wconf 83' lang='lat' dir='ltr'>negotiorum</span> <span class='ocrx_word' id='word_1_329' title='bbox 582 3217 686 3276; x_wconf 92' lang='lat' dir='ltr'>molem</span> <span class='ocrx_word' id='word_1_330' title='bbox 709 3217 875 3293; x_wconf 90' lang='lat' dir='ltr'>periculoso</span> <span class='ocrx_word' id='word_1_331' title='bbox 897 3236 931 3276; x_wconf 92' lang='lat' dir='ltr'>eo</span> <span class='ocrx_word' id='word_1_332' title='bbox 960 3215 1114 3274; x_wconf 89' lang='lat' dir='ltr'>oraculum</span> <span class='ocrx_word' id='word_1_333' title='bbox 1130 3214 1322 3274; x_wconf 82' lang='lat' dir='ltr'>scientiarum</span> <span class='ocrx_word' id='word_1_334' title='bbox 1335 3215 1528 3274; x_wconf 89' lang='lat' dir='ltr'>recurrebant</span> <span class='ocrx_word' id='word_1_335' title='bbox 1538 3235 1600 3275; x_wconf 92' lang='lat' dir='ltr'>om·</span> 
     </span>
     <span class='ocr_line' id='line_1_34' title="bbox 291 3303 1600 3383; baseline 0 -21"><span class='ocrx_word' id='word_1_336' title='bbox 291 3304 931 3383; x_wconf 83' lang='lat' dir='ltr'>temporesustinereposset.Episcopuspri·</span> <span class='ocrx_word' id='word_1_337' title='bbox 958 3321 1020 3374; x_wconf 92' lang='lat' dir='ltr'>nes,</span> <span class='ocrx_word' id='word_1_338' title='bbox 1047 3303 1218 3380; x_wconf 88' lang='lat' dir='ltr'>quicunque</span> <span class='ocrx_word' id='word_1_339' title='bbox 1240 3303 1340 3380; x_wconf 90' lang='lat' dir='ltr'>aliqua</span> <span class='ocrx_word' id='word_1_340' title='bbox 1364 3303 1543 3364; x_wconf 85' lang='lat' dir='ltr'>difficultate</span> <span class='ocrx_word' id='word_1_341' title='bbox 1569 3305 1600 3364; x_wconf 89' lang='lat' dir='ltr'>in</span> 
     </span>
     <span class='ocr_line' id='line_1_35' title="bbox 291 3389 1598 3476; baseline 0.001 -25"><span class='ocrx_word' id='word_1_342' title='bbox 291 3411 340 3451; x_wconf 90' lang='lat' dir='ltr'>mo</span> <span class='ocrx_word' id='word_1_343' title='bbox 356 3413 377 3451; x_wconf 90' lang='grc'>5.</span> <span class='ocrx_word' id='word_1_344' title='bbox 394 3395 483 3453; x_wconf 86' lang='lat' dir='ltr'>Marci</span> <span class='ocrx_word' id='word_1_345' title='bbox 500 3389 623 3476; x_wconf 86' lang='lat'>(1556),</span> <span class='ocrx_word' id='word_1_346' title='bbox 643 3393 712 3453; x_wconf 90' lang='lat' dir='ltr'>dein</span> <span class='ocrx_word' id='word_1_347' title='bbox 728 3395 932 3472; x_wconf 83' lang='lat' dir='ltr'>squillacensis</span> <span class='ocrx_word' id='word_1_348' title='bbox 959 3393 1055 3451; x_wconf 81' lang='lat' dir='ltr'>literis</span> <span class='ocrx_word' id='word_1_349' title='bbox 1071 3391 1300 3468; x_wconf 91' lang='lat' dir='ltr'>quibuscunque</span> <span class='ocrx_word' id='word_1_350' title='bbox 1320 3393 1502 3452; x_wconf 88' lang='lat' dir='ltr'>tenebantur</span> <span class='ocrx_word' id='word_1_351' title='bbox 1523 3397 1598 3453; x_wconf 82' lang='lat' dir='ltr'>etc‘</span> 
     </span>
     <span class='ocr_line' id='line_1_36' title="bbox 293 3476 932 3561; baseline -0.002 -19"><span class='ocrx_word' id='word_1_352' title='bbox 293 3476 406 3561; x_wconf 84' lang='lat'>(1559)</span> <span class='ocrx_word' id='word_1_353' title='bbox 422 3483 634 3552; x_wconf 86' lang='lat' dir='ltr'>renunciatur;</span> <span class='ocrx_word' id='word_1_354' title='bbox 658 3503 676 3542; x_wconf 91' lang='lat' dir='ltr'>a</span> <span class='ocrx_word' id='word_1_355' title='bbox 690 3483 744 3543; x_wconf 90' lang='lat' dir='ltr'>Pio</span> <span class='ocrx_word' id='word_1_356' title='bbox 759 3483 793 3543; x_wconf 92' lang='lat' dir='ltr'>V.</span> <span class='ocrx_word' id='word_1_357' title='bbox 809 3484 932 3542; x_wconf 82' lang='lat' dir='ltr'>Romam</span> 
     </span>
    </p>
   </div>
   <div class='ocr_carea' id='block_1_3' title="bbox 292 3571 1602 3688">
    <p class='ocr_par' dir='ltr' id='par_1_3' title="bbox 292 3571 1602 3688">
     <span class='ocr_line' id='line_1_37' title="bbox 292 3571 1602 3688; baseline 0.022 -45"><span class='ocrx_word' id='word_1_358' title='bbox 292 3571 415 3628; x_wconf 61' lang='lat' dir='ltr'>V⁰0⁸i¹¹r</span> <span class='ocrx_word' id='word_1_359' title='bbox 429 3571 468 3631; x_wconf 74' lang='lat' dir='ltr'>⁰b</span> <span class='ocrx_word' id='word_1_360' title='bbox 482 3571 641 3630; x_wconf 58' lang='lat' dir='ltr'><strong>mamam</strong></span> <span class='ocrx_word' id='word_1_361' title='bbox 651 3572 854 3648; x_wconf 59' lang='lat' dir='ltr'>q¹²⁸p⁰u⁰b⁵t</span> <span class='ocrx_word' id='word_1_362' title='bbox 863 3591 931 3674; x_wconf 45' lang='lat' dir='ltr'>‘ml&#39;</span> <span class='ocrx_word' id='word_1_363' title='bbox 996 3619 1016 3688; x_wconf 75' lang='grc' dir='ltr'>ι)</span> <span class='ocrx_word' id='word_1_364' title='bbox 1030 3614 1071 3671; x_wconf 83' lang='lat' dir='ltr'>cf.</span> <span class='ocrx_word' id='word_1_365' title='bbox 1081 3575 1602 3686; x_wconf 58' lang='grc'>85555555,85551558555151515558551·</span> 
     </span>
    </p>
   </div>
   <div class='ocr_carea' id='block_1_4' title="bbox 290 3657 1607 4897">
    <p class='ocr_par' dir='ltr' id='par_1_4' title="bbox 290 3657 1607 4897">
     <span class='ocr_line' id='line_1_38' title="bbox 292 3657 1600 3758; baseline 0.004 -42"><span class='ocrx_word' id='word_1_366' title='bbox 292 3657 436 3717; x_wconf 89' lang='lat' dir='ltr'>ditionem</span> <span class='ocrx_word' id='word_1_367' title='bbox 459 3677 670 3735; x_wconf 85' lang='lat' dir='ltr'>sacrarumque</span> <span class='ocrx_word' id='word_1_368' title='bbox 694 3660 849 3720; x_wconf 87' lang='lat' dir='ltr'>literarum</span> <span class='ocrx_word' id='word_1_369' title='bbox 871 3681 931 3720; x_wconf 82' lang='lat' dir='ltr'>exs-</span> <span class='ocrx_word' id='word_1_370' title='bbox 958 3687 1553 3758; x_wconf 49' lang='grc'>555554535515555555555555515</span> <span class='ocrx_word' id='word_1_371' title='bbox 1575 3689 1600 3742; x_wconf 62' lang='lat'>30</span> 
     </span>
     <span class='ocr_line' id='line_1_39' title="bbox 958 3706 1601 3822; baseline -0.002 -10"><span class='ocrx_word' id='word_1_372' title='bbox 958 3774 1037 3822; x_wconf 72' lang='lat' dir='ltr'>rcus.¹</span> <span class='ocrx_word' id='word_1_373' title='bbox 1052 3758 1222 3813; x_wconf 86' lang='lat' dir='ltr'>Ratisbouae</span> <span class='ocrx_word' id='word_1_374' title='bbox 1240 3761 1325 3818; x_wconf 71' lang='lat'>18783</span> <span class='ocrx_word' id='word_1_375' title='bbox 1352 3759 1405 3815; x_wconf 86' lang='lat' dir='ltr'>Ild.</span> <span class='ocrx_word' id='word_1_376' title='bbox 1425 3758 1512 3814; x_wconf 88' lang='lat' dir='ltr'>Veith</span> <span class='ocrx_word' id='word_1_377' title='bbox 1526 3706 1601 3814; x_wconf 65' lang='grc' dir='ltr'><strong>ΟξΒ.</strong></span> 
     </span>
     <span class='ocr_line' id='line_1_40' title="bbox 705 3829 1600 3954; baseline 0 -71"><span class='ocrx_word' id='word_1_378' title='bbox 705 3903 706 3906; x_wconf 8' lang='lat'>¹</span> <span class='ocrx_word' id='word_1_379' title='bbox 958 3829 989 3883; x_wconf 91' lang='lat' dir='ltr'>in</span> <span class='ocrx_word' id='word_1_380' title='bbox 1013 3829 1149 3899; x_wconf 80' lang='lat' dir='ltr'>hist-pol.</span> <span class='ocrx_word' id='word_1_381' title='bbox 1172 3829 1214 3890; x_wconf 88' lang='grc' dir='ltr'>ΒΙ,</span> <span class='ocrx_word' id='word_1_382' title='bbox 1237 3829 1339 3884; x_wconf 85' lang='lat' dir='ltr'>CXVII</span> <span class='ocrx_word' id='word_1_383' title='bbox 1363 3833 1464 3954; x_wconf 37' lang='lat'>51896),</span> <span class='ocrx_word' id='word_1_384' title='bbox 1489 3835 1543 3889; x_wconf 83' lang='grc'>468</span> <span class='ocrx_word' id='word_1_385' title='bbox 1565 3847 1600 3884; x_wconf 92' lang='lat' dir='ltr'>ss.</span> 
     </span>
     <span class='ocr_line' id='line_1_41' title="bbox 291 3895 1601 3973; baseline 0.006 -22"><span class='ocrx_word' id='word_1_386' title='bbox 291 3896 336 3951; x_wconf 93' lang='lat' dir='ltr'>dit</span> <span class='ocrx_word' id='word_1_387' title='bbox 347 3895 435 3952; x_wconf 81' lang='lat' dir='ltr'>Ehees</span> <span class='ocrx_word' id='word_1_388' title='bbox 447 3898 527 3953; x_wconf 77' lang='lat' dir='ltr'>Rom.</span> <span class='ocrx_word' id='word_1_389' title='bbox 541 3897 661 3964; x_wconf 82' lang='lat' dir='ltr'>Qtlschr.</span> <span class='ocrx_word' id='word_1_390' title='bbox 679 3900 717 3954; x_wconf 85' lang='lat' dir='ltr'>Xl</span> <span class='ocrx_word' id='word_1_391' title='bbox 730 3902 829 3973; x_wconf 82' lang='grc'>(1897),</span> <span class='ocrx_word' id='word_1_392' title='bbox 844 3903 930 3960; x_wconf 82' lang='grc'>595-</span> <span class='ocrx_word' id='word_1_393' title='bbox 959 3899 1067 3954; x_wconf 89' lang='lat' dir='ltr'>Prodiit</span> <span class='ocrx_word' id='word_1_394' title='bbox 1078 3901 1313 3972; x_wconf 81' lang='lat' dir='ltr'>Martyrologium</span> <span class='ocrx_word' id='word_1_395' title='bbox 1333 3917 1363 3955; x_wconf 91' lang='lat' dir='ltr'>re</span> <span class='ocrx_word' id='word_1_396' title='bbox 1377 3904 1517 3955; x_wconf 89' lang='lat' dir='ltr'>ormatum</span> <span class='ocrx_word' id='word_1_397' title='bbox 1533 3905 1601 3959; x_wconf 76' lang='grc'>1583</span> 
     </span>
     <span class='ocr_line' id='line_1_42' title="bbox 293 3971 1600 4044; baseline 0.001 -18"><span class='ocrx_word' id='word_1_398' title='bbox 293 3972 354 4028; x_wconf 85' lang='grc'>604.</span> <span class='ocrx_word' id='word_1_399' title='bbox 959 3972 1030 4044; x_wconf 71' lang='lat' dir='ltr'>(bis),</span> <span class='ocrx_word' id='word_1_400' title='bbox 1046 3971 1262 4038; x_wconf 71' lang='lat' dir='ltr'>Venetiis1583,</span> <span class='ocrx_word' id='word_1_401' title='bbox 1277 3971 1415 4026; x_wconf 88' lang='lat' dir='ltr'>editiones</span> <span class='ocrx_word' id='word_1_402' title='bbox 1435 3973 1600 4042; x_wconf 85' lang='lat' dir='ltr'>mendosae;</span> 
     </span>
     <span class='ocr_line' id='line_1_43' title="bbox 332 4039 1601 4113; baseline 0.009 -20"><span class='ocrx_word' id='word_1_403' title='bbox 332 4043 349 4110; x_wconf 89' lang='lat'>¹)</span> <span class='ocrx_word' id='word_1_404' title='bbox 364 4039 457 4110; x_wconf 87' lang='lat' dir='ltr'>Hujus</span> <span class='ocrx_word' id='word_1_405' title='bbox 477 4041 593 4110; x_wconf 86' lang='lat' dir='ltr'>pietatis</span> <span class='ocrx_word' id='word_1_406' title='bbox 612 4059 677 4096; x_wconf 89' lang='lat' dir='ltr'>cum</span> <span class='ocrx_word' id='word_1_407' title='bbox 698 4042 783 4096; x_wconf 88' lang='lat' dir='ltr'>laude</span> <span class='ocrx_word' id='word_1_408' title='bbox 802 4043 933 4098; x_wconf 88' lang='lat' dir='ltr'>meminit</span> <span class='ocrx_word' id='word_1_409' title='bbox 959 4043 1026 4097; x_wconf 88' lang='lat' dir='ltr'>hinc</span> <span class='ocrx_word' id='word_1_410' title='bbox 1051 4043 1228 4096; x_wconf 79' lang='lat' dir='ltr'>emendatius</span> <span class='ocrx_word' id='word_1_411' title='bbox 1253 4043 1361 4113; x_wconf 89' lang='lat' dir='ltr'>prodiit</span> <span class='ocrx_word' id='word_1_412' title='bbox 1385 4043 1492 4098; x_wconf 85' lang='lat' dir='ltr'>Romae</span> <span class='ocrx_word' id='word_1_413' title='bbox 1517 4047 1601 4104; x_wconf 62' lang='lat'><strong>1581:</strong></span> 
     </span>
     <span class='ocr_line' id='line_1_44' title="bbox 291 4109 1602 4183; baseline 0.005 -21"><span class='ocrx_word' id='word_1_414' title='bbox 291 4109 359 4165; x_wconf 89' lang='lat' dir='ltr'>Pius</span> <span class='ocrx_word' id='word_1_415' title='bbox 374 4111 429 4176; x_wconf 72' lang='lat' dir='ltr'>IV..</span> <span class='ocrx_word' id='word_1_416' title='bbox 439 4129 574 4167; x_wconf 86' lang='lat' dir='ltr'>cumeum</span> <span class='ocrx_word' id='word_1_417' title='bbox 587 4129 665 4167; x_wconf 80' lang='lat' dir='ltr'>soora</span> <span class='ocrx_word' id='word_1_418' title='bbox 678 4131 734 4183; x_wconf 92' lang='lat' dir='ltr'>pur</span> <span class='ocrx_word' id='word_1_419' title='bbox 756 4132 807 4168; x_wconf 89' lang='lat' dir='ltr'>ura</span> <span class='ocrx_word' id='word_1_420' title='bbox 819 4130 933 4170; x_wconf 83' lang='lat' dir='ltr'>exorna·</span> <span class='ocrx_word' id='word_1_421' title='bbox 962 4113 1088 4167; x_wconf 86' lang='lat' dir='ltr'>Venetiis</span> <span class='ocrx_word' id='word_1_422' title='bbox 1102 4117 1179 4170; x_wconf 87' lang='grc'>1585.</span> <span class='ocrx_word' id='word_1_423' title='bbox 1195 4116 1248 4168; x_wconf 83' lang='lat' dir='ltr'>Sed</span> <span class='ocrx_word' id='word_1_424' title='bbox 1262 4131 1326 4170; x_wconf 86' lang='lat' dir='ltr'>oum</span> <span class='ocrx_word' id='word_1_425' title='bbox 1340 4131 1391 4170; x_wconf 90' lang='lat' dir='ltr'>uec</span> <span class='ocrx_word' id='word_1_426' title='bbox 1400 4115 1471 4169; x_wconf 86' lang='lat' dir='ltr'>haec</span> <span class='ocrx_word' id='word_1_427' title='bbox 1481 4115 1525 4169; x_wconf 88' lang='lat' dir='ltr'>ed.</span> <span class='ocrx_word' id='word_1_428' title='bbox 1534 4117 1602 4169; x_wconf 86' lang='lat' dir='ltr'>satis</span> 
     </span>
     <span class='ocr_line' id='line_1_45' title="bbox 290 4181 1602 4256; baseline 0.002 -21"><span class='ocrx_word' id='word_1_429' title='bbox 290 4183 342 4247; x_wconf 79' lang='lat' dir='ltr'>ret,</span> <span class='ocrx_word' id='word_1_430' title='bbox 355 4181 398 4237; x_wconf 89' lang='lat' dir='ltr'>ita</span> <span class='ocrx_word' id='word_1_431' title='bbox 431 4186 505 4237; x_wconf 86' lang='lat' dir='ltr'>atres</span> <span class='ocrx_word' id='word_1_432' title='bbox 518 4183 683 4254; x_wconf 87' lang='lat' dir='ltr'>alloquens:</span> <span class='ocrx_word' id='word_1_433' title='bbox 698 4225 711 4246; x_wconf 86' lang='lat'><strong>„</strong></span> <span class='ocrx_word' id='word_1_434' title='bbox 743 4203 797 4240; x_wconf 86' lang='lat' dir='ltr'>unc</span> <span class='ocrx_word' id='word_1_435' title='bbox 809 4187 839 4239; x_wconf 93' lang='lat' dir='ltr'>in</span> <span class='ocrx_word' id='word_1_436' title='bbox 853 4186 933 4242; x_wconf 86' lang='lat' dir='ltr'>colle·</span> <span class='ocrx_word' id='word_1_437' title='bbox 960 4187 1092 4238; x_wconf 88' lang='lat' dir='ltr'>accurata</span> <span class='ocrx_word' id='word_1_438' title='bbox 1105 4188 1185 4252; x_wconf 84' lang='grc'>55555,</span> <span class='ocrx_word' id='word_1_439' title='bbox 1199 4184 1345 4256; x_wconf 81' lang='lat' dir='ltr'>negotium</span> <span class='ocrx_word' id='word_1_440' title='bbox 1356 4185 1409 4240; x_wconf 88' lang='lat' dir='ltr'>boc</span> <span class='ocrx_word' id='word_1_441' title='bbox 1421 4186 1602 4240; x_wconf 88' lang='lat' dir='ltr'>commissum</span> 
     </span>
     <span class='ocr_line' id='line_1_46' title="bbox 290 4201 1429 4325; baseline 0.004 -19"><span class='ocrx_word' id='word_1_442' title='bbox 290 4251 371 4323; x_wconf 84' lang='lat' dir='ltr'>giam</span> <span class='ocrx_word' id='word_1_443' title='bbox 380 4201 546 4324; x_wconf 66' lang='lat' dir='ltr'>adiegimus,</span> <span class='ocrx_word' id='word_1_444' title='bbox 555 4256 836 4325; x_wconf 87' lang='lat' dir='ltr'>utquemadmodum</span> <span class='ocrx_word' id='word_1_445' title='bbox 843 4255 932 4312; x_wconf 88' lang='lat' dir='ltr'>Paulo</span> <span class='ocrx_word' id='word_1_446' title='bbox 960 4258 1004 4310; x_wconf 92' lang='lat' dir='ltr'>est</span> <span class='ocrx_word' id='word_1_447' title='bbox 1016 4255 1147 4322; x_wconf 87' lang='lat' dir='ltr'>Beronio,</span> <span class='ocrx_word' id='word_1_448' title='bbox 1163 4259 1196 4310; x_wconf 87' lang='lat' dir='ltr'>ut</span> <span class='ocrx_word' id='word_1_449' title='bbox 1207 4257 1283 4311; x_wconf 69' lang='lat' dir='ltr'>iuba</span> <span class='ocrx_word' id='word_1_450' title='bbox 1296 4257 1429 4310; x_wconf 87' lang='lat' dir='ltr'>dicemus.</span> 
     </span>
     <span class='ocr_line' id='line_1_47' title="bbox 290 4325 1602 4398; baseline 0.003 -20"><span class='ocrx_word' id='word_1_451' title='bbox 290 4325 498 4394; x_wconf 87' lang='lat' dir='ltr'>praedecessori</span> <span class='ocrx_word' id='word_1_452' title='bbox 518 4330 616 4382; x_wconf 86' lang='lat' dir='ltr'>nostro</span> <span class='ocrx_word' id='word_1_453' title='bbox 637 4326 767 4382; x_wconf 87' lang='lat' dir='ltr'>morienti</span> <span class='ocrx_word' id='word_1_454' title='bbox 790 4329 933 4383; x_wconf 82' lang='lat' dir='ltr'>officiosis·</span> <span class='ocrx_word' id='word_1_455' title='bbox 997 4331 1017 4396; x_wconf 66' lang='grc'>9)</span> <span class='ocrx_word' id='word_1_456' title='bbox 1031 4325 1153 4397; x_wconf 86' lang='lat' dir='ltr'>Operam</span> <span class='ocrx_word' id='word_1_457' title='bbox 1167 4343 1281 4397; x_wconf 87' lang='lat' dir='ltr'>quoque</span> <span class='ocrx_word' id='word_1_458' title='bbox 1295 4326 1420 4382; x_wconf 88' lang='lat' dir='ltr'>contulit</span> <span class='ocrx_word' id='word_1_459' title='bbox 1436 4328 1472 4382; x_wconf 89' lang='lat' dir='ltr'>ad</span> <span class='ocrx_word' id='word_1_460' title='bbox 1485 4344 1602 4398; x_wconf 88' lang='lat' dir='ltr'>operum</span> 
     </span>
     <span class='ocr_line' id='line_1_48' title="bbox 291 4396 1603 4469; baseline 0.002 -20"><span class='ocrx_word' id='word_1_461' title='bbox 291 4396 359 4451; x_wconf 89' lang='lat' dir='ltr'>sime</span> <span class='ocrx_word' id='word_1_462' title='bbox 372 4398 491 4463; x_wconf 81' lang='lat' dir='ltr'>adstitit,</span> <span class='ocrx_word' id='word_1_463' title='bbox 505 4400 547 4453; x_wconf 88' lang='lat' dir='ltr'>ita</span> <span class='ocrx_word' id='word_1_464' title='bbox 560 4399 647 4453; x_wconf 87' lang='lat' dir='ltr'>etiam</span> <span class='ocrx_word' id='word_1_465' title='bbox 667 4398 726 4452; x_wconf 88' lang='lat' dir='ltr'>suis</span> <span class='ocrx_word' id='word_1_466' title='bbox 739 4399 872 4469; x_wconf 87' lang='lat' dir='ltr'>precibus</span> <span class='ocrx_word' id='word_1_467' title='bbox 885 4417 933 4454; x_wconf 93' lang='lat' dir='ltr'>no·</span> <span class='ocrx_word' id='word_1_468' title='bbox 960 4415 980 4451; x_wconf 90' lang='lat' dir='ltr'>a.</span> <span class='ocrx_word' id='word_1_469' title='bbox 987 4399 1136 4464; x_wconf 84' lang='lat' dir='ltr'>Ambrosii,</span> <span class='ocrx_word' id='word_1_470' title='bbox 1148 4416 1168 4451; x_wconf 89' lang='lat' dir='ltr'>s.</span> <span class='ocrx_word' id='word_1_471' title='bbox 1177 4398 1353 4467; x_wconf 83' lang='lat' dir='ltr'>Hieronymi,</span> <span class='ocrx_word' id='word_1_472' title='bbox 1366 4400 1603 4454; x_wconf 79' lang='lat' dir='ltr'>abactorumcon·</span> 
     </span>
     <span class='ocr_line' id='line_1_49' title="bbox 290 4468 1604 4539; baseline 0.003 -19"><span class='ocrx_word' id='word_1_473' title='bbox 290 4471 379 4522; x_wconf 89' lang='lat' dir='ltr'>stram</span> <span class='ocrx_word' id='word_1_474' title='bbox 392 4468 597 4539; x_wconf 85' lang='lat' dir='ltr'>adjuvetapud</span> <span class='ocrx_word' id='word_1_475' title='bbox 608 4469 699 4524; x_wconf 89' lang='lat' dir='ltr'>Deum</span> <span class='ocrx_word' id='word_1_476' title='bbox 710 4487 743 4523; x_wconf 84' lang='lat' dir='ltr'>ex</span> <span class='ocrx_word' id='word_1_477' title='bbox 755 4470 806 4524; x_wconf 87' lang='lat' dir='ltr'>hac</span> <span class='ocrx_word' id='word_1_478' title='bbox 817 4471 932 4525; x_wconf 73' lang='grc'>5155551-</span> <span class='ocrx_word' id='word_1_479' title='bbox 960 4469 1091 4525; x_wconf 83' lang='lat' dir='ltr'>ciliorum</span> <span class='ocrx_word' id='word_1_480' title='bbox 1114 4469 1359 4524; x_wconf 88' lang='lat' dir='ltr'>oecumenicorum</span> <span class='ocrx_word' id='word_1_481' title='bbox 1373 4470 1536 4526; x_wconf 87' lang='lat' dir='ltr'>editionem.</span> <span class='ocrx_word' id='word_1_482' title='bbox 1561 4469 1604 4524; x_wconf 79' lang='lat' dir='ltr'>Cf.</span> 
     </span>
     <span class='ocr_line' id='line_1_50' title="bbox 290 4539 1605 4613; baseline 0.002 -19"><span class='ocrx_word' id='word_1_483' title='bbox 290 4539 932 4613; x_wconf 79' lang='lat' dir='ltr'>grationem.“Quodpraesagiumipsoeventu</span> <span class='ocrx_word' id='word_1_484' title='bbox 960 4539 1135 4606; x_wconf 81' lang='lat' dir='ltr'>Tirabosohi,</span> <span class='ocrx_word' id='word_1_485' title='bbox 1150 4541 1244 4594; x_wconf 85' lang='lat' dir='ltr'>Storia</span> <span class='ocrx_word' id='word_1_486' title='bbox 1262 4540 1340 4594; x_wconf 88' lang='lat' dir='ltr'>della</span> <span class='ocrx_word' id='word_1_487' title='bbox 1359 4541 1529 4596; x_wconf 88' lang='lat' dir='ltr'>letteratura</span> <span class='ocrx_word' id='word_1_488' title='bbox 1541 4539 1605 4596; x_wconf 87' lang='lat' dir='ltr'>ital.</span> 
     </span>
     <span class='ocr_line' id='line_1_51' title="bbox 291 4610 1605 4684; baseline 0.003 -22"><span class='ocrx_word' id='word_1_489' title='bbox 291 4612 508 4680; x_wconf 85' lang='lat' dir='ltr'>comprobatum</span> <span class='ocrx_word' id='word_1_490' title='bbox 538 4614 581 4665; x_wconf 87' lang='grc'>555</span> <span class='ocrx_word' id='word_1_491' title='bbox 611 4611 721 4666; x_wconf 91' lang='lat' dir='ltr'>decimo</span> <span class='ocrx_word' id='word_1_492' title='bbox 748 4616 813 4683; x_wconf 90' lang='lat' dir='ltr'>post</span> <span class='ocrx_word' id='word_1_493' title='bbox 838 4613 933 4684; x_wconf 85' lang='lat' dir='ltr'>elapso</span> <span class='ocrx_word' id='word_1_494' title='bbox 961 4611 991 4667; x_wconf 87' lang='lat' dir='ltr'>P.</span> <span class='ocrx_word' id='word_1_495' title='bbox 1006 4612 1066 4668; x_wconf 92' lang='lat' dir='ltr'>Vll.</span> <span class='ocrx_word' id='word_1_496' title='bbox 1080 4612 1098 4666; x_wconf 90' lang='lat'>1.</span> <span class='ocrx_word' id='word_1_497' title='bbox 1111 4616 1136 4668; x_wconf 86' lang='lat'>2.</span> <span class='ocrx_word' id='word_1_498' title='bbox 1150 4628 1175 4668; x_wconf 92' lang='lat' dir='ltr'>c.</span> <span class='ocrx_word' id='word_1_499' title='bbox 1189 4617 1213 4670; x_wconf 92' lang='lat'>1.</span> <span class='ocrx_word' id='word_1_500' title='bbox 1227 4631 1254 4668; x_wconf 91' lang='lat' dir='ltr'>n.</span> <span class='ocrx_word' id='word_1_501' title='bbox 1267 4617 1310 4670; x_wconf 84' lang='lat'>46.</span> <span class='ocrx_word' id='word_1_502' title='bbox 1331 4610 1372 4667; x_wconf 92' lang='lat' dir='ltr'>De</span> <span class='ocrx_word' id='word_1_503' title='bbox 1385 4611 1445 4682; x_wconf 85' lang='lat' dir='ltr'>ejus</span> <span class='ocrx_word' id='word_1_504' title='bbox 1457 4611 1605 4667; x_wconf 82' lang='lat' dir='ltr'>laboribus</span> 
     </span>
     <span class='ocr_line' id='line_1_52' title="bbox 290 4681 1605 4750; baseline 0.005 -18"><span class='ocrx_word' id='word_1_505' title='bbox 290 4695 394 4747; x_wconf 87' lang='lat' dir='ltr'>mense,</span> <span class='ocrx_word' id='word_1_506' title='bbox 409 4699 466 4750; x_wconf 91' lang='lat' dir='ltr'>quo</span> <span class='ocrx_word' id='word_1_507' title='bbox 479 4681 548 4735; x_wconf 90' lang='lat' dir='ltr'>Pius</span> <span class='ocrx_word' id='word_1_508' title='bbox 561 4682 608 4744; x_wconf 81' lang='lat' dir='ltr'>IV,</span> <span class='ocrx_word' id='word_1_509' title='bbox 618 4684 758 4738; x_wconf 87' lang='lat' dir='ltr'>recitante</span> <span class='ocrx_word' id='word_1_510' title='bbox 766 4683 868 4739; x_wconf 85' lang='lat' dir='ltr'>Sirleto</span> <span class='ocrx_word' id='word_1_511' title='bbox 876 4699 933 4738; x_wconf 84' lang='lat' dir='ltr'>car·</span> <span class='ocrx_word' id='word_1_512' title='bbox 959 4683 1093 4738; x_wconf 85' lang='lat' dir='ltr'>litorariis</span> <span class='ocrx_word' id='word_1_513' title='bbox 1121 4685 1149 4738; x_wconf 89' lang='lat' dir='ltr'>et</span> <span class='ocrx_word' id='word_1_514' title='bbox 1172 4683 1203 4736; x_wconf 91' lang='lat' dir='ltr'>in</span> <span class='ocrx_word' id='word_1_515' title='bbox 1225 4682 1365 4739; x_wconf 85' lang='lat' dir='ltr'>Ecclesiae</span> <span class='ocrx_word' id='word_1_516' title='bbox 1388 4684 1545 4738; x_wconf 87' lang='lat' dir='ltr'>utilitatem</span> <span class='ocrx_word' id='word_1_517' title='bbox 1566 4683 1605 4739; x_wconf 84' lang='lat' dir='ltr'>cf.</span> 
     </span>
     <span class='ocr_line' id='line_1_53' title="bbox 291 4749 1607 4824; baseline 0.003 -20"><span class='ocrx_word' id='word_1_518' title='bbox 291 4749 382 4804; x_wconf 86' lang='lat' dir='ltr'>diueli</span> <span class='ocrx_word' id='word_1_519' title='bbox 401 4753 514 4807; x_wconf 88' lang='lat' dir='ltr'>animae</span> <span class='ocrx_word' id='word_1_520' title='bbox 534 4752 819 4822; x_wconf 87' lang='lat' dir='ltr'>commendationem,</span> <span class='ocrx_word' id='word_1_521' title='bbox 833 4772 867 4809; x_wconf 84' lang='lat' dir='ltr'>ex</span> <span class='ocrx_word' id='word_1_522' title='bbox 880 4755 934 4809; x_wconf 84' lang='lat' dir='ltr'>heo</span> <span class='ocrx_word' id='word_1_523' title='bbox 961 4752 1058 4810; x_wconf 82' lang='lat' dir='ltr'>Theoi.</span> <span class='ocrx_word' id='word_1_524' title='bbox 1072 4753 1364 4824; x_wconf 82' lang='lat' dir='ltr'>Qtlschr.,Ti1bingen</span> <span class='ocrx_word' id='word_1_525' title='bbox 1378 4758 1449 4813; x_wconf 80' lang='grc'>1881</span> <span class='ocrx_word' id='word_1_526' title='bbox 1461 4758 1547 4824; x_wconf 63' lang='grc'>5451</span> <span class='ocrx_word' id='word_1_527' title='bbox 1559 4772 1607 4818; x_wconf 75' lang='lat' dir='ltr'>aa:</span> 
     </span>
     <span class='ocr_line' id='line_1_54' title="bbox 291 4819 1399 4897; baseline 0.006 -22"><span class='ocrx_word' id='word_1_528' title='bbox 291 4819 352 4876; x_wconf 85' lang='lat' dir='ltr'>vita</span> <span class='ocrx_word' id='word_1_529' title='bbox 363 4823 505 4892; x_wconf 85' lang='lat' dir='ltr'>migravit.</span> <span class='ocrx_word' id='word_1_530' title='bbox 961 4829 1029 4897; x_wconf 85' lang='lat'>621;</span> <span class='ocrx_word' id='word_1_531' title='bbox 1043 4828 1113 4884; x_wconf 83' lang='lat'>1885</span> <span class='ocrx_word' id='word_1_532' title='bbox 1126 4843 1154 4894; x_wconf 87' lang='lat' dir='ltr'>p.</span> <span class='ocrx_word' id='word_1_533' title='bbox 1167 4829 1221 4884; x_wconf 84' lang='grc'>468</span> <span class='ocrx_word' id='word_1_534' title='bbox 1234 4843 1284 4887; x_wconf 82' lang='grc'>55.;</span> <span class='ocrx_word' id='word_1_535' title='bbox 1297 4830 1351 4883; x_wconf 81' lang='lat'>624</span> <span class='ocrx_word' id='word_1_536' title='bbox 1363 4842 1399 4882; x_wconf 89' lang='grc'>55.</span> 
     </span>
    </p>
   </div>
   <div class='ocr_carea' id='block_1_5' title="bbox 0 0 1754 5346">
    <p class='ocr_par' dir='ltr' id='par_1_5' title="bbox 0 0 1754 5346">
     <span class='ocr_line' id='line_1_55' title="bbox 0 0 1754 5346; baseline 0 1"><span class='ocrx_word' id='word_1_537' title='bbox 0 0 1754 5346; x_wconf 95' lang='lat' dir='ltr'> </span> 
     </span>
    </p>
   </div>
  </div>
 </body>
</html>
