3486 5358
286 316 348 370 923
534 301 720 356 1641-,1663
733 295 830 351 Theol.
844 295 928 349 schol.
941 294 972 348 in
986 295 1066 364 Hisp.
1080 295 1226 361 Merinero,
1240 294 1358 358 Leaena,
1536 309 1604 364 924

290 495 371 547 1662
388 485 421 542 16
438 494 474 554 4;
494 484 529 541 de
544 483 724 552 beatitudine,
748 483 858 540 cetibus
872 483 926 540 bu·
953 478 1028 560 bun)
1046 482 1179 558 inscripti
1207 481 1357 558 Theologic
1379 479 1546 538 abbreviata
1557 523 1564 535 .
1577 523 1603 536 ..

285 576 389 644 munis,
401 573 533 632 bonitate
542 572 701 642 etmalitia,
711 571 862 630 habitibus
872 570 927 628 vir·
954 589 988 629 ex
1008 571 1133 630 diversis
1145 616 1150 628 .
1163 569 1422 645 ..sapientissimis
1445 569 1605 646 magistris

285 663 403 722 tutibus
420 661 596 736 etpeccatie,
613 661 726 719 Matriti
743 668 824 724 1632
842 659 874 718 16
891 668 926 729 4;
954 679 1007 735 per
1022 659 1052 716 F.
1070 661 1106 718 Μ.
1124 659 1300 736 Dionysium
1320 659 1604 721 Blaene...oom·

285 754 319 810 de
333 753 398 824 fide,
409 770 459 826 spe
468 753 632 820 obcuritate,
649 750 689 807 ib.
705 759 785 812 1632
798 749 876 818 164;
893 749 928 806 de
953 748 1046 825 pilata
1083 752 1115 808 et
1144 751 1311 826 resumpta,
1350 748 1602 824 Caesaraugustae

279 836 399 918 justitie
408 847 434 898 et
443 841 523 916 jure,
540 840 579 897 ib.
595 849 674 902 1637
694 840 726 897 16
737 849 769 907 4;
786 839 927 896 deinear·
959 847 1050 899 1676.
1067 871 1111 880 -
1126 837 1268 913 Ejusdem
1279 835 1392 896 ordinis
1402 835 1603 895 fuitJoannes

285 933 402 988 natione
428 928 517 1004 Verbi,
535 928 780 1004 066616111628
797 929 829 985 16
847 936 878 994 8;
895 927 929 984 de
954 927 1090 1002 Baptista
1105 925 1498 996 deLeaanallatritensis,
1509 943 1602 1000 quem

286 1020 478 1078 sacramentis
502 1019 534 1076 in
556 1035 657 1094 perere
681 1019 757 1074 etin
780 1019 871 1092 speeie
892 1015 928 1073 de
955 1017 1093 1090 aequales
1114 1016 1222 1092 passim
1238 1015 1352 1092 magnis
1377 1013 1531 1074 celebrant
1547 1033 1606 1072 en·

286 1109 445 1184 baptismo,
462 1106 690 1177 confirmatione,
707 1105 890 1182 poenitentia
899 1108 930 1162 et
956 1101 1096 1186 comiiel).
1113 1105 1208 1163 Natus
1225 1107 1270 1163 est
1288 1112 1337 1166 23.
1348 1103 1424 1162 Nor.
1441 1112 1536 1168 1586.
1554 1121 1603 1161 or·

287 1202 419 1256 extrema
441 1195 590 1265 unctione,
614 1195 654 1253 ib.
681 1203 763 1258 1628
787 1195 819 1252 16
837 1204 872 1263 8;
895 1194 930 1251 de
956 1194 1056 1252 dinem
1081 1193 1304 1252 carmelitarum
1333 1193 1487 1270 ingressus
1517 1202 1599 1256 1661

287 1287 472 1360 eucharistia,
489 1285 630 1357 sacrificio
651 1285 755 1342 missae
778 1291 803 1342 et
818 1284 927 1358 ordine,
957 1283 1053 1342 Toleti
1077 1283 1290 1359 philosophiae,
1322 1282 1491 1359 theologiae
1517 1282 1602 1340 Com·

287 1375 327 1436 ib.
347 1383 430 1438 1626
455 1374 486 1432 16
505 1383 539 1444 8;
562 1373 596 1431 de
611 1374 796 1432 enutrimenta
819 1380 844 1430 et
865 1390 928 1430 een·
957 1373 1036 1447 pluti
1054 1373 1109 1430 sub
1134 1371 1307 1430 doctissimo
1323 1371 1471 1430 Ludovico
1488 1371 1604 1429 116616-

287 1463 542 1538 66166,11.1627;
559 1462 698 1538 Lugduni
712 1471 804 1525 1622.
821 1461 930 1536 Dispu-
957 1461 1022 1519 sino
1039 1456 1088 1542 (cf.
1105 1482 1133 1536 6.
1145 1455 1222 1541 666)
1240 1461 1363 1522 vacavit.
1380 1460 1503 1518 Romam
1518 1460 1603 1518 venit

287 1553 417 1611 tationes
434 1553 468 1610 ele
483 1553 709 1610 sacramentor
724 1552 930 1626 6666666616-
958 1550 994 1608 ad
1010 1549 1287 1627 comitiageneralia
1297 1544 1603 1629 sniordinis(1625).

290 1642 411 1700 dierunt
426 1640 536 1698 iterum
547 1640 637 1699 simul
647 1640 833 1716 Antwerpiue
848 1647 929 1701 1633
958 1658 1012 1697 666
1042 1639 1112 1697 inde
1136 1657 1267 1713 nuquam
1299 1638 1426 1715 amplius
1456 1637 1605 1699 discessit.

289 1727 930 1804 161.-161661666(1666666160.
959 1727 1144 1787 Praefectum
1175 1727 1343 1786 studiorum
1373 1729 1404 1785 et
1435 1727 1603 1803 theologiae

289 1820 355 1894 Gap.
373 1815 403 1899 (†
423 1815 519 1898 1647)
545 1817 696 1894 integrum
717 1818 841 1893 rehquit
865 1835 932 1874 our·
959 1821 1177 1892 praeceptorem
1200 1816 1263 1894 egit
1284 1817 1315 1874 in
1339 1815 1480 1875 coenobio
1497 1816 1525 1874 S.
1543 1817 1603 1874 hlu-

288 1927 354 1967 sum
369 1907 549 1984 tlieclopieum
566 1907 809 1982 complectentem
821 1905 931 1982 praeci·
958 1907 1019 1966 riae
1030 1906 1263 1981 transpontinae,
1281 1905 1392 1964 socium
1409 1904 1605 1980 quinquenni

290 2015 364 2072 puae
386 1997 539 2066 materies,
565 2015 641 2071 quae
666 1996 697 2054 in
723 1996 829 2055 scholis
854 1993 932 2054 tradi
959 2014 1007 2054 sex
1034 1995 1238 2054 ministrorum
1265 1994 1379 2052 ordinis
1410 1993 1604 2070 generalium,

291 2088 397 2154 solent,
422 2085 586 2144 secundum
603 2085 735 2142 ordinem
752 2085 779 2143 d.
796 2084 931 2151 Thomas,
959 2083 1605 2158 ascendissetqueadsupremamilliuspree-

290 2174 428 2252 Lugduni
448 2183 541 2236 1642.
562 2183 644 2238 1643
662 2193 689 2232 6.
707 2183 725 2237 2
741 2173 772 2231 16
787 2173 821 2241 f.;
838 2173 932 2232 Vens·
959 2173 1103 2232 facturam
1124 2174 1188 2247 jam
1212 2173 1249 2231 ab
1264 2193 1289 2230 a.
1310 2182 1403 2242 1645,
1433 2175 1556 2230 tantum
1581 2173 1605 2230 si

290 2265 341 2322 tiis
361 2273 443 2326 1666
468 2263 559 2322 editio
582 2263 768 2338 locupletior,
785 2263 837 2320 sed
859 2281 933 2319 rara.
960 2262 1073 2322 exorari
1085 2262 1241 2338 potuisset,
1251 2265 1288 2321 ut
1298 2281 1360 2320 rem
1371 2259 1604 2320 sollicitantibus

292 2352 420 2427 Scripsit
444 2370 563 2427 quoque
588 2353 750 2429 apologiam
774 2352 805 2409 in
829 2349 933 2408 deleu-
960 2369 1114 2410 assensum
1144 2351 1362 2410 commodasset.
1394 2351 1552 2408 Praeterea
1574 2351 1606 2408 in

291 2443 401 2500 sionem
416 2440 567 2499 annalium
577 2440 660 2499 Zach.
678 2441 805 2500 Boverii.
821 2441 934 2498 Auctor
961 2440 1113 2517 gymnasio
1138 2439 1306 2515 Sapientiae
1337 2441 1417 2498 totos
1448 2451 1486 2502 16
1513 2457 1605 2498 annos

291 2534 336 2589 est
352 2529 383 2588 in
399 2529 549 2606 theologia
565 2530 669 2588 morali
685 2531 795 2606 gravis.
810 2561 855 2572 -
870 2527 934 2586 Ali·
960 2528 1106 2588 docendae
1121 2529 1340 2606 metaphysicae
1364 2529 1443 2586 inter
1457 2531 1505 2587 tot
1521 2545 1605 2587 occu-

291 2639 342 2678 um
372 2619 575 2695 theologicum
614 2637 734 2678 cursum
771 2617 934 2677 secundum
961 2618 1094 2693 patience
1125 2617 1277 2676 incubuit:
1310 2617 1461 2677 adhibitus
1487 2635 1605 2692 quoque

291 2711 421 2766 mentem
444 2707 572 2766 doctoris
596 2708 717 2766 subtilis
740 2707 859 2782 incepit,
883 2705 933 2764 sed
961 2706 1021 2765 suit
1046 2727 1063 2765 a
1088 2705 1211 2765 summis
1237 2706 1428 2782 pontificibus
1454 2707 1607 2766 consultor

292 2815 352 2854 non
368 2797 494 2854 obsolvit
508 2796 639 2855 Joannes
655 2796 847 2855 Merinero
864 2795 895 2852 0.
908 2795 933 2852 S.
961 2795 1086 2854 diversis
1117 2795 1148 2853 in
1179 2795 1466 2873 congregationibus.
1506 2794 1606 2854 Vitam

292 2886 403 2953 Frena,
428 2884 618 2954 Matritensis,
642 2903 802 2961 perennes
824 2884 935 2942 multos
961 2885 1124 2961 piissimam
1146 2884 1275 2944 absolvit
1299 2895 1350 2949 20.
1371 2885 1455 2944 liert.
1478 2893 1561 2946 1659
1579 2905 1605 2942 a.

292 2973 459 3050 theologias
484 2973 640 3048 professor,
666 2973 735 3033 dein
762 2973 934 3050 designatus
961 2975 1068 3032 aetatis
1087 2983 1135 3036 74.
1163 2974 1206 3031 Ex
1221 2972 1358 3049 plurimis
1381 2992 1459 3050 quae
1481 2973 1608 3048 reliquit

292 3061 451 3138 episcopus
467 3062 657 3132 civitatensis,
678 3063 797 3122 demum
814 3062 933 3120 valliso·
962 3063 1101 3138 operibns
1117 3061 1273 3132 historicis,
1298 3062 1469 3130 moralibus,
1492 3063 1606 3122 schola·

293 3147 541 3231 1616666(1663),
552 3151 793 3221 virmanenetus,
804 3151 935 3228 prudens
962 3153 1054 3222 sidcis,
1066 3152 1216 3228 haecprae
1227 3151 1496 3212 ceterismeutioue
1507 3151 1608 3229 digna:

292 3241 416 3317 616166,
440 3241 624 3318 aplerisque
649 3241 805 3316 episcopus
831 3257 934 3308 ,6666-
963 3242 1084 3299 Summa
1108 3241 1260 3317 1166166166
1282 3260 1385 3299 sacrae
1407 3259 1442 3300 ex
1473 3241 1607 3316 angelico

290 3333 364 3389 tus‘
381 3331 557 3406 appellatus.
575 3330 788 3406 Complectitnr
803 3330 934 3388 illecur·
962 3329 1081 3390 doctore
1103 3333 1134 3388 et
1157 3329 1284 3388 aliorum
1307 3330 1432 3388 maxime
1454 3329 1487 3387 Ο.
1513 3330 1607 3389 Germ.

293 3438 343 3478 sus
360 3423 509 3479 tractatus
533 3416 701 3478 descientia
716 3420 771 3478 Dei
787 3426 812 3476 et
836 3419 933 3477 66166·
962 3418 1142 3495 scriptorum
1180 3419 1329 3488 doctrina,
1370 3418 1478 3477 Romae
1514 3429 1608 3482 1651.

291 3516 358 3582 rute,
380 3510 415 3566 de
432 3511 745 3583 praedestinationem
773 3508 935 3579 1116116166
966 3518 1059 3571 1654.
1085 3512 1253 3577 165813,
1280 3527 1406 3583 quorum
1429 3507 1546 3583 primns
1562 3527 1607 3567 re-

292 3599 326 3656 de
335 3597 518 3668 beatitudine,
535 3599 843 3674 decetibusbumunis,
856 3597 934 3654 boni·
962 3597 1088 3672 spondet
1108 3607 1132 3658 1.
1148 3617 1177 3672 6.
1201 3597 1337 3656 Summae
1353 3615 1375 3656 s.
1392 3596 1538 3668 Thomae3
1562 3617 1607 3656 se·

291 3691 349 3742 tate
358 3692 383 3742 ei
398 3687 510 3744 malitia
520 3687 626 3744 666611
636 3694 807 3764 peccatoque
816 3686 933 3761 actuali,
962 3685 1076 3748 enudus
1097 3698 1122 3755 1,
1142 3695 1176 3756 2;
1199 3686 1308 3744 tertius
1328 3695 1355 3756 2,
1374 3695 1402 3747 2.
1426 3681 1480 3766 (ex,
1497 3683 1607 3764 parte),

292 3773 404 3831 Matriti
419 3775 640 3838 1661662161,
658 3775 836 3834 Exeraverat
845 3774 935 3833 etiam
962 3793 1038 3849 opus
1050 3793 1167 3844 rurum;
1184 3775 1259 3834 liber
1269 3775 1472 3851 apologeticus
1485 3792 1546 3848 pro
1557 3778 1609 3834 im-

292 3881 409 3920 eursum
421 3863 713 3938 pbilosopbiaejuxta
722 3864 851 3923 doctoris
862 3865 934 3922 snb·
962 3865 1107 3922 ireoculcta
1131 3865 1278 3939 Deipcrce
1302 3863 1331 3922 V.
1354 3864 1608 3940 1166666666]-

291 3951 504 4020 tiliamentum,
518 3953 631 4010 Matriti
646 3956 759 4016 16591.
773 3962 800 4022 5,
817 3956 935 4011 ettrac-
962 3955 1043 4023 tione,
1067 3952 1120 4011 ubi
1143 3971 1203 4011 uon
1225 3953 1313 4011 modo
1335 3952 1462 4012 caruisse
1487 3959 1609 4029 peccato

292 4043 389 4100 tetum
412 4042 446 4099 de
470 4043 646 4117 conceptione
671 4042 819 4117 Deipuree
842 4041 872 4098 V.
896 4039 934 4104 M.
962 4038 1110 4119 originali,
1135 4041 1186 4100 sed
1203 4059 1256 4100 nec
1278 4042 1310 4100 in
1327 4041 1438 4101 Ademo
1459 4060 1609 4116 peccasse,

292 4149 345 4188 seu
361 4130 397 4188 de
413 4131 502 4206 hujus
513 4130 631 4189 articuli
642 4130 852 4189 definibilitate
861 4126 935 4212 (116-
962 4149 1015 4189 nee
1052 4131 1137 4190 illius
1176 4131 1312 4190 debitum
1351 4131 1522 4206 proximum
1557 4133 1609 4190 ha-

292 4215 419 4299 panice),
438 4220 603 4280 Vallisoleti
624 4229 704 4284 1652
727 4220 758 4278 16
776 4230 803 4281 4.
821 4251 863 4261 -
880 4220 935 4277 hli-
962 4219 1062 4278 buisse
1077 4220 1256 4292 defenditur,
1281 4219 1395 4279 Matriti
1417 4230 1498 4282 1616
1523 4221 1555 4280 16
1574 4231 1609 4288 46

292 4309 373 4368 chael
389 4309 501 4384 Ripol
518 4309 554 4368 de
572 4309 693 4370 Alienae
710 4309 740 4367 0.
758 4309 935 4368 (1666666-
963 4309 1086 4369 Summa
1102 4311 1297 4385 qrraesticrrum
1310 4309 1491 4386 regularium
1508 4329 1562 4369 sen
1573 4309 1610 4367 de

291 4405 542 4474 sarangustanus‚
586 4416 655 4457 suae
687 4397 856 4474 provinciae
888 4397 934 4456 bis
962 4399 1081 4457 casibus
1098 4398 1293 4458 conscientiae
1310 4397 1501 4474 adpersonas
1518 4417 1610 4476 regu·

292 4488 480 4562 praepositus
498 4485 528 4568 (l
543 4497 623 4552 1648
636 4507 660 4544 6.
674 4487 779 4546 6616116
792 4483 846 4570 84)
863 4486 936 4545 scri·
963 4487 1038 4544 lares
1047 4487 1204 4562 utriusque
1213 4505 1300 4546 sexus
1307 4487 1515 4563 spectantibus
1522 4490 1611 4564 juxta

291 4577 353 4650 psit
369 4577 470 4652 plures
487 4580 641 4644 tractatus,
659 4574 936 4652 quorumnonnuili
963 4594 1038 4635 nova
1054 4576 1170 4635 decreta
1188 4622 1193 4634 .
1211 4621 1217 4633 .
1236 4621 1243 4634 .
1262 4594 1299 4635 ss.
1322 4575 1499 4651 pontificum
1520 4585 1553 4636 et
1570 4595 1610 4637 ss.

287 4665 323 4720 -in
340 4666 545 4740 compendium
562 4665 674 4724 redacti
685 4665 862 4740 prodierunt
876 4683 936 4722 uua
966 4718 1039 4723 --
1069 4719 1085 4723 ..
1109 4718 1124 4723 -
1537 4705 1539 4710 ,

292 4771 360 4810 cum
385 4753 562 4812 tractatibus
588 4754 735 4813 sodalium
762 4751 850 4836 (Aug.
875 4754 935 4824 Pa·
1003 4789 1020 4850 ι]
1034 4781 1075 4838 (if,
1096 4780 1167 4836 ffibl,
1188 4781 1260 4852 hisp.
1281 4800 1308 4836 n.
1327 4782 1347 4844 Ι,
1367 4785 1435 4842 660;
1459 4781 1576 4837 l'ilh'ers
1591 4782 1611 4848 1,

296 4839 398 4900 lacio
422 4846 452 4900 et
476 4843 593 4902 Martini
616 4843 793 4901 Ximenea
815 4841 935 4902 deEm·
964 4858 1078 4910 772-9.
1263 4841 1266 4850 ’
1429 4845 1430 4853 ’
