3518 5356
164 288 226 344 409
656 269 714 323 Jac.
729 267 809 338 Dary
823 271 862 322 du
876 267 989 328 Perron,
1321 309 1323 312 -
1414 290 1476 343 410

163 457 323 532 plectitur:
354 456 452 516 circite
473 459 513 516 du
535 475 558 516 s.
581 431 752 516 sacrament
776 457 811 516 de
824 451 826 504 l
839 457 1024 530 societatum,
1042 459 1093 518 sed
1108 459 1279 518 societatem
1296 458 1478 532 distinctam,

163 545 181 603 l'
190 547 377 605 cauteriatis
399 553 501 606 contra
521 546 713 606 Plessium
731 547 808 605 llor-
838 565 953 625 semper
975 548 1122 607 risibilem
1147 551 1179 608 et
1210 548 1315 607 ceteris
1340 551 1479 610 omnibus

162 655 283 705 nasum,
307 636 361 694 ubi
384 635 438 696 hoc
459 640 669 714 argumentum
692 635 809 696 solidis·
838 638 1028 709 eminentem,
1045 657 1120 714 quae
1135 637 1172 696 ab
1189 638 1391 714 apostolorum
1408 659 1480 700 aevo

161 727 236 784 sime
263 728 456 801 pertractans,
482 725 699 785 haereticorum
725 743 991 803 prae··nunquam
1014 745 1068 787 nec
1083 728 1114 787 in
1137 727 1203 799 fide,
1226 727 1327 786 necin
1349 747 1479 788 commu·

162 816 251 893 cipue
268 815 400 884 illorum,
417 816 469 890 qni
485 814 517 873 in
533 815 579 874 sui
590 813 699 873 erroris
709 813 809 873 defen·
837 816 926 875 aione
942 820 995 876 aut
1004 817 1179 877 visibilitate
1194 817 1286 876 fuerit
1301 815 1479 894 interrupta.

162 905 278 965 sionem
290 921 312 962 s.
324 903 487 980 Augustini
496 903 669 963 testimonia
678 903 811 980 allegant
839 903 982 976 Quoniam
998 923 1068 966 rero
1082 923 1134 965 rex
1149 925 1203 983 per
1217 906 1420 966 casaubonum
1437 909 1480 966 lo-

161 993 289 1071 objectis
305 993 465 1068 respondet
472 988 504 1074 ¹).
520 993 607 1052 Alter
621 997 722 1052 tomus
732 1011 809 1052 com·
838 1013 932 1070 quens
947 995 1108 1055 Ecclesiam
1119 1015 1270 1055 romanam
1287 997 1408 1056 aveteri
1418 997 1480 1056 dis·

162 1083 311 1159 plectitur
327 1081 465 1160 Rtplr'qne
480 1101 518 1141 aa
533 1084 581 1142 roi
595 1084 629 1142 de
654 1083 684 1140 lo
700 1083 811 1158 pronde
838 1083 963 1142 sensisse
987 1085 1128 1162 reposuit,
1152 1104 1187 1144 eo
1203 1105 1262 1161 quo
1284 1103 1365 1144 nuno
1381 1087 1435 1146 illa
1456 1097 1479 1148 l.

161 1174 312 1250 Bretopnc
328 1166 471 1254 (Jacobus
487 1166 522 1255 1).
547 1172 633 1231 Hunc
650 1171 810 1232 Perronius
837 1173 869 1231 in
884 1173 1032 1232 Ecclesiae
1048 1173 1143 1233 officio
1166 1174 1306 1233 idiomate
1329 1175 1480 1254 incognito

160 1268 317 1337 tamqnam
333 1261 495 1337 principem
520 1263 658 1321 omnibns
678 1259 811 1320 numeris
838 1264 943 1320 utatur
963 1265 994 1321 et
1017 1281 1115 1322 sacrae
1131 1263 1302 1339 Scripturae
1324 1264 1480 1324 lectionem

161 1351 337 1411 absolutum
344 1351 810 1426 commendabatnihilquaprae·
837 1351 1012 1428 prohibeat3
1038 1359 1065 1412 2.
1083 1371 1142 1411 non
1158 1353 1314 1428 permittat
1329 1372 1418 1412 usum
1435 1374 1481 1414 ca·

162 1449 208 1500 ter
248 1439 385 1499 catholici
430 1441 667 1517 praerogativam
714 1439 810 1498 eidem
837 1439 920 1513 licis;
937 1449 964 1504 3.
974 1441 1081 1500 missae
1091 1440 1225 1518 privatae
1240 1442 1273 1502 in
1282 1461 1317 1502 aa
1333 1443 1480 1503 celebren-

161 1531 266 1590 deesse
283 1529 442 1588 asserebat
467 1530 539 1588 cum
556 1549 625 1606 ergo
643 1547 694 1588 rex
710 1548 740 1588 se
757 1529 810 1587 boc
838 1533 888 1588 tur
904 1533 935 1590 et
951 1540 979 1594 4.
995 1530 1137 1608 imagines
1148 1534 1319 1591 sanctorum
1337 1534 1480 1603 colantur;

161 1619 256 1678 titulo
264 1617 344 1677 haud
353 1619 530 1694 privandum
538 1622 679 1689 censeret,
690 1637 723 1677 eo
732 1617 811 1694 quod
838 1619 875 1678 ad
906 1619 965 1679 duo
996 1619 1097 1696 priora
1127 1621 1286 1697 respondet
1314 1621 1481 1692 Perronius,

161 1712 272 1768 cuncta
288 1708 325 1766 ad
342 1709 471 1767 salutem
481 1708 647 1768 necessaria
658 1709 745 1784 juxte
762 1725 809 1766 ve·
838 1711 933 1769 morte
958 1712 1137 1785 praeventus
1168 1710 1199 1768 in
1224 1711 1416 1787 responsione
1445 1712 1481 1771 ad

160 1797 812 1868 terummoremorederet,Perroniuadatisad
837 1797 1481 1878 posteriora.Tertiustcomplectiturprae·

162 1888 372 1947 casaubonum
383 1887 479 1946 literis
489 1887 660 1958 declararit,
670 1886 810 1964 quodno·
838 1893 885 1947 ter
901 1889 960 1947 alia
975 1896 1039 1948 octa
1049 1890 1180 1965 colloquii
1195 1909 1259 1948 curra
1271 1891 1421 1964 Moenoeo,
1446 1891 1482 1950 de

161 1996 232 2036 men
248 1977 382 2035 catholici
390 1995 451 2037 non
467 1979 673 2053 cujuscunque
683 1976 750 2035 fidei
760 1975 811 2036 sed
839 1996 898 2052 quo
914 1995 1004 2054 supra
1015 1979 1138 2054 egimus.
1156 1978 1243 2037 Dicta
1258 1979 1310 2037 illa
1326 1981 1422 2048 acuta,
1439 1979 1481 2038 ta-

161 2066 382 2126 communionis
398 2067 517 2143 signum
528 2067 568 2124 sit
583 2065 723 2142 illiusque
733 2065 810 2135 fidei,
839 2071 913 2137 ceta,
931 2067 1033 2126 critica
1042 2071 1106 2138 etc,
1124 2085 1199 2143 quae
1217 2067 1482 2128 subnominePer··

162 2175 241 2232 quae
256 2159 378 2233 praeter
392 2155 557 2214 necessaria
566 2155 655 2214 etiam
670 2155 759 2214 utilia
774 2153 811 2213 ad
839 2158 965 2214 rontano
975 2157 1226 2214 circumferuntur
1236 2159 1267 2216 et
1277 2157 1395 2232 saepius
1403 2156 1484 2216 edita

161 2247 341 2305 salutemet
363 2245 542 2322 generaliter
564 2245 663 2303 omnia
687 2263 740 2320 per
756 2245 809 2304 Ec·
839 2245 929 2314 tuere,
953 2265 1062 2322 magna
1084 2264 1118 2304 ex
1142 2249 1226 2321 parte
1249 2245 1391 2305 cardinali
1411 2246 1482 2304 Per·-

162 2335 285 2394 clesiam
310 2334 434 2394 definita
455 2335 485 2392 et
507 2333 617 2392 tradita
640 2334 748 2392 credit:
774 2333 810 2392 ad
839 2334 922 2393 ronio
961 2333 1087 2393 adscribi
1124 2340 1295 2411 nequeunt,
1342 2353 1410 2393 cum
1448 2339 1484 2394 ut

162 2425 331 2483 boctsmen
342 2428 378 2482 ut
386 2425 487 2500 patres
497 2423 575 2482 circa
585 2422 733 2498 quendam
743 2423 810 2481 fidei
838 2423 897 2482 rite
912 2425 997 2482 notat
1012 2423 1117 2494 Faller,
1142 2424 1191 2482 rix
1207 2422 1348 2484 credibile
1365 2424 1413 2496 sit,
1437 2425 1482 2484 ri·

162 2514 326 2573 articulum
343 2512 483 2572 unanime
506 2512 682 2589 suffragium
705 2513 811 2571 tulisse
840 2532 906 2570 rum
917 2515 979 2572 tam
989 2513 1141 2572 eruditum
1151 2516 1182 2572 et
1192 2513 1311 2572 doctum
1323 2515 1400 2574 dicta
1410 2515 1483 2574 adeo

161 2602 317 2671 dicantur,
333 2601 485 2660 asserebat
500 2601 581 2660 baud
600 2619 720 2661 necesse
736 2619 811 2671 esse,
839 2602 966 2677 puerilia
981 2605 1012 2662 et
1027 2605 1128 2679 inepta
1142 2603 1311 2678 protulisse.
1327 2603 1441 2662 Laudat
1451 2605 1483 2662 in
1575 2599 1579 2606 ’

161 2697 201 2750 nt
216 2691 333 2769 singuli
348 2690 473 2750 eundem
495 2690 656 2762 stabiliant,
681 2692 730 2750 sel
748 2691 810 2749 sut·
840 2691 973 2750 Perronii
989 2691 1128 2767 operibus
1139 2688 1269 2776 Dupin1)
1284 2695 1405 2769 praeter
1419 2692 1482 2762 illa,

161 2783 260 2851 ficere,
284 2785 320 2840 ut
335 2799 370 2840 ex
386 2782 532 2857 cujusque
555 2780 685 2840 nationis
701 2780 812 2856 praeci·
840 2800 915 2857 quae
926 2800 1019 2858 supra
1031 2781 1227 2854 laudavimus,
1245 2781 1309 2842 stili
1319 2782 1483 2858 puritatem

162 2871 220 2948 pni
236 2870 324 2929 illum
339 2870 467 2942 tradant,
484 2871 558 2945 quin
574 2870 683 2930 erroris
699 2870 813 2929 fuerint
840 2875 870 2929 et
886 2871 1087 2947 eloquentiam
1104 2870 1227 2947 logicam
1245 2872 1397 2943 invictam,
1415 2889 1483 2931 oon·

161 2959 309 3029 accusati,
325 2959 469 3018 velillum
480 2963 811 3036 proponanttamquam
840 2963 982 3036 ceptuum
992 2961 1219 3033 sublimitatem,
1227 2979 1317 3021 usum
1327 2949 1482 3020 admodum

162 3047 334 3108 doctrinam
340 3048 377 3106 ab
383 3047 657 3108 uuirersacoclesia
663 3048 758 3108 infide
766 3069 812 3108 re·
840 3055 944 3128 aptum
956 3067 993 3108 ss.
1001 3053 1131 3126 patrum,
1141 3051 1335 3111 conciliorum
1342 3053 1381 3121 et,
1392 3070 1482 3127 quam

161 3143 291 3215 ceptam.
307 3137 349 3196 Ex
359 3137 406 3196 bis
422 3137 737 3198 interebatPerronius
751 3157 812 3198 aec·
841 3139 1060 3198 accuratissime
1076 3144 1208 3210 noverat,
1235 3141 1374 3199 historiae
1391 3142 1482 3200 cccle-

161 3228 262 3288 tarios
278 3245 338 3286 non
354 3227 473 3288 credere
486 3247 529 3298 ea,
552 3247 626 3304 quae
643 3247 744 3288 omnes
760 3247 812 3287 an·
841 3228 975 3288 siastioae
986 3228 1129 3288 adversus
1140 3230 1295 3300 sectarios,
1306 3233 1406 3287 censet
1414 3248 1482 3288 vero

161 3317 248 3394 tiqui
270 3322 372 3393 patres
389 3317 559 3376 universam
579 3321 609 3375 et
631 3318 813 3376 unanimiter
840 3337 875 3378 ca
890 3335 1100 3392 nonnunquam
1118 3317 1208 3377 nimis
1229 3335 1292 3377 esse
1313 3316 1422 3376 diffusa
1438 3323 1482 3377 at-

160 3407 323 3469 senuerint
337 3411 369 3464 et
390 3410 543 3480 tamquam
565 3406 730 3465 necessaria
750 3425 812 3465 cre·
841 3427 899 3483 que
914 3406 1050 3467 nonnihil
1066 3406 1199 3466 aberrare
1216 3415 1399 3484 argumento.
1423 3406 1482 3465 Ne-

161 3495 307 3556 diderint
325 3493 371 3552 dd
384 3494 578 3555 hasPcrronii
593 3495 811 3554 literascasau·
840 3515 898 3572 quc
931 3515 964 3554 ex
997 3496 1235 3572 protestantibus
1268 3495 1394 3567 desunt,
1431 3495 1482 3572 qui

162 3589 266 3646 bonus
288 3583 392 3643 Jacobi
415 3585 493 3662 regis
515 3586 634 3645 nomine
659 3584 813 3662 respondit
841 3585 1015 3646 Perronium
1032 3585 1163 3644 laudent.
1181 3585 1306 3662 Magnus
1319 3585 1371 3644 ille
1386 3587 1417 3643 et
1432 3603 1483 3644 cu·

162 3673 322 3742 cardinali,
339 3674 392 3748 qui
407 3677 509 3734 tamen
523 3693 577 3751 par
594 3684 611 3736 6
630 3669 752 3755 librare)
764 3693 811 3734 so·
840 3676 937 3736 riosus
954 3674 1144 3750 antiquitatis
1166 3674 1325 3751 indagator
1341 3674 1484 3734 dicitura

162 3763 312 3824 lidissime
327 3762 467 3822 diluendo
483 3767 599 3834 cuncta,
615 3781 693 3838 qnae
709 3763 812 3822 adver-
843 3761 1002 3847 llallae02),
1027 3765 1114 3840 cujus
1139 3763 1259 3823 nomine
1283 3763 1401 3822 nullum
1425 3765 1483 3823 sere

161 3853 266 3914 sarius
289 3852 461 3929 excipiebat,
485 3853 627 3924 ostendit,
651 3871 690 3912 ss.
713 3856 812 3929 patres
841 3857 884 3912 est
894 3853 972 3929 apud
984 3853 1166 3912 adversarios
1177 3853 1337 3924 illustrius,
1351 3853 1403 3928 qui
1413 3871 1482 3911 auo·

161 3943 318 4002 Ecclesiae
334 3942 452 4002 nominc
467 3961 528 4001 non
552 3941 730 4000 intellixisse
746 3961 812 4001 coe·

160 4037 235 4092 turn
246 4031 379 4090 omnium
388 4033 534 4090 sectarum
542 4033 573 4091 et
580 4031 812 4090 christianarum
879 4065 897 4123 r)
912 4057 941 4113 L·
955 4075 987 4123 θ’
1002 4059 1052 4112 ubi
1066 4059 1152 4113 egam
1165 4061 1265 4114 ,esem
1280 4059 1322 4125 „11
1336 4059 1482 4114 goim„

840 4130 898 4183 fort
909 4129 980 4184 daus
992 4132 1021 4184 la
1031 4130 1146 4201 disputa
1156 4131 1191 4184 de
1202 4130 1266 4185 rire
1277 4131 1351 4196 voix,
1365 4133 1395 4186 et
1406 4131 1483 4186 telle·

839 4205 920 4255 ment
940 4201 1123 4264 redoutable,
1145 4217 1201 4270 que
1223 4202 1262 4256 les
1285 4205 1350 4272 plus
1373 4203 1483 4257 habiles

207 4283 225 4339 Ι)
252 4270 347 4326 Aliam
374 4271 527 4327 editionem
553 4271 662 4326 curarit
688 4271 750 4328 Nic.
777 4272 812 4326 de
841 4273 1482 4336 Ministresn'osoiautentrerenliceaveclui,
1559 4321 1560 4325 ,

162 4351 184 4402 G
193 4363 211 4400 o
220 4361 237 4399 e
246 4343 260 4396 i
266 4343 281 4396 s
285 4347 372 4396 etan
389 4343 511 4396 Ebroiois
522 4349 592 4401 1620
605 4361 632 4403 r.
644 4344 702 4400 2111
715 4347 740 4402 8.
840 4347 869 4399 et
882 4345 980 4413 qa'ila
991 4344 1276 4398 tou'oursoonfandu
1285 4362 1364 4407 ceux,
1375 4345 1424 4412 qui
1433 4345 1484 4397 ont

201 4421 226 4490 ¹)
241 4415 283 4470 cf.
297 4415 397 4469 borum
410 4414 547 4484 analysim
558 4414 635 4486 apud
645 4415 742 4484 Dupin
755 4416 774 4470 l.
789 4431 812 4468 c.
840 4416 885 4469 cte
895 4433 970 4469 assez
980 4363 1078 4469 bardis
1089 4431 1161 4484 pour
1171 4415 1197 4468 le
1208 4414 1306 4472 faire.“
1317 4416 1433 4469 Fatetur
1443 4415 1482 4468 ta·

161 4509 192 4560 p.
207 4489 326 4546 28-31.
340 4485 543 4556 complectitur
555 4490 651 4541 autem
666 4487 811 4558 hocopus,
840 4503 904 4540 men
918 4503 1126 4555 nonnunquam
1140 4486 1295 4542 desiderari
1312 4487 1385 4539 hano
1398 4485 1483 4539 disse-

162 4577 225 4630 quo
240 4557 352 4613 nullum
365 4557 442 4611 inter
459 4557 633 4612 adversmms
646 4557 737 4628 magia
757 4558 812 4612 elu—
840 4557 922 4612 rendi
945 4557 1135 4612 subtilitatem
1161 4559 1190 4611 et
1218 4557 1340 4630 rigorem
1365 4557 1396 4611 iu
1422 4557 1483 4628 ejus

162 4632 301 4688 bor-atum
332 4628 438 4700 reperit
461 4627 561 4684 Petrus
586 4629 747 4683 Molinaeus
771 4631 812 4702 (in
840 4629 962 4698 scriptis.
989 4629 1084 4682 Minus
1105 4629 1260 4686 honorifice
1280 4629 1314 4684 de
1334 4645 1367 4683 eo
1389 4631 1484 4684 censet

160 4700 812 4776 practl.NoritarpapismioontraPerronium
841 4701 963 4755 Hu'etius
976 4701 1008 4755 in
1022 4699 1141 4755 Penates
1154 4701 1257 4756 divers.

161 4775 287 4846 scripti),
310 4787 405 4827 ornnes
425 4773 483 4827 fere
502 4772 716 4836 controversias,
739 4789 813 4842 quae
878 4779 898 4838 ²)
912 4772 953 4827 De
968 4789 1034 4827 raro
1048 4790 1101 4826 usu
1116 4775 1230 4842 patrum
1240 4775 1345 4842 pict:
1360 4771 1395 4826 de
1405 4787 1484 4844 pseu·

159 4848 244 4901 inter
256 4843 411 4900 catholicos
423 4845 453 4898 et
464 4842 636 4915 Anglicanos
649 4845 794 4915 vigebant
840 4843 950 4914 depigr.
964 4848 1054 4915 apost
1068 4847 1089 4910 l,
1102 4851 1127 4902 1.
