3510 5358
290 292 329 347 79
462 278 648 334 1564---158b
661 274 884 346 Disciplinaead
897 292 932 330 ss.
945 275 1042 332 literas
1055 277 1224 346 spectantes.
1237 275 1421 341 Nacchiante,
1555 292 1594 346 30

288 458 418 540 elautus)
434 464 466 520 et
481 461 618 520 Sixtua
635 461 784 534 Senensis,
799 463 927 537 uterque
956 461 1044 520 Patro
1059 460 1164 519 arati
1174 479 1219 520 no
1235 455 1296 541 (vel
1309 455 1449 540 Pradino)
1466 479 1490 518 a.
1512 469 1593 522 1561

288 551 399 611 ordinis
429 549 674 626 praedicatorum,
700 553 827 626 uterque
851 567 929 610 anno
956 551 1007 610 vol
1025 558 1041 612 2
1059 548 1091 608 in
1107 549 1125 606 f.
1141 549 1224 608 Inter
1239 549 1311 608 haee
1328 548 1597 610 Enarrotioaea...

287 633 514 722 eodem(l569)
526 639 695 699 defunctus.
710 639 765 698 ille
774 639 928 712 Etruscus,
956 640 987 698 in
1010 655 1053 712 ep.
1069 637 1107 696 D.
1123 637 1214 698 Pauli
1234 638 1293 712 Ap.
1319 639 1358 696 cd
1381 637 1522 714 Ephesios
1529 655 1542 712 ,¹
1566 639 1599 696 ia

288 729 478 788 florentinus
504 728 609 804 patria,
640 729 790 790 Bononiae
822 729 929 787 studiis
957 746 993 803 ep
1016 771 1023 786 .
1049 769 1057 786 .
1080 771 1086 785 .
1111 727 1150 786 ad
1179 727 1344 800 Romanoa,
1378 745 1403 785 a.
1430 727 1599 806 Scriptum

287 837 406 895 operam
422 817 512 888 dedit,
530 817 583 876 ubi
599 817 771 876 Michaelem
788 817 929 876 Ghisleri·
957 812 1082 876 medulla
1097 816 1146 876 vel
1162 834 1337 876 arcanorum
1354 815 1471 886 Christi,
1488 814 1598 890 quibus

287 911 455 982 um,postea
462 905 631 982 pontificem
639 906 800 965 maximnm
807 905 929 968 PiumV.
958 906 1094 982 singulae
1111 908 1183 964 sunt
1196 905 1300 964 mundi
1312 905 1509 981 locupletatae
1519 909 1598 964 aeta-

288 995 473 1055 aonsodalem
490 995 603 1053 habuit.
613 994 725 1054 Exinde
741 994 861 1054 &mam
878 1013 929 1054 vo·
956 997 1021 1065 tes;
1037 995 1221 1053 tractationes
1236 995 1402 1072 tlrcolcpalca
1419 989 1487 1075 (18)
1498 1012 1542 1052 ex.
1552 1013 1599 1072 gr.

288 1088 372 1144 catus
389 1084 551 1144 confratres
567 1102 636 1142 auos
659 1083 876 1161 philosophicas
899 1085 931 1142 et
957 1082 1599 1160 deexsistentiasxsistendiquemodoObri-

287 1173 467 1250 theoiogicas
478 1172 777 1248 docuitdiscipliuas:
793 1191 852 1248 quo
862 1192 928 1232 mu·
958 1172 998 1232 sti
1014 1172 1142 1248 corporis
1158 1172 1190 1229 in
1205 1175 1404 1242 sacrameut03
1421 1173 1457 1231 de
1472 1171 1599 1230 menime

288 1282 358 1323 nere
375 1262 447 1320 dum
464 1262 571 1320 Βοωοο
588 1261 619 1320 in
634 1261 758 1339 collegio
768 1280 792 1321 a.
803 1261 930 1320 Thomas
957 1261 1133 1338 pontificatu
1142 1260 1306 1321 maximeve
1316 1259 1505 1320 sacerdotioJ
1508 1260 1599 1319 ,111111-

287 1351 324 1411 ad
341 1351 501 1410 Minervam
519 1339 705 1428 fungeretur,
716 1351 748 1410 in
764 1349 929 1410 collationi·
959 1350 1008 1422 sti,
1026 1351 1062 1410 de
1077 1349 1289 1427 angustissimo
1305 1351 1369 1426 ejus
1394 1368 1501 1427 regom
1524 1349 1601 1408 theo·

286 1441 353 1512 bus,
379 1459 454 1516 quae
478 1439 558 1499 inter
580 1439 714 1499 eruditos
739 1440 776 1499 ad
797 1456 930 1498 mensam
957 1446 1069 1499 remota
1088 1449 1127 1502 14
1143 1437 1318 1516 theologica,
1336 1438 1599 1515 ltmotaphysica,

287 1530 374 1588 Pauli
398 1528 451 1586 ΙΙΙ.
477 1528 633 1587 assidentis
664 1529 859 1599 habebantur,
887 1527 931 1587 ita
963 1539 998 1592 15
1017 1527 1179 1598 naturalia;
1197 1529 1386 1604 quaestiones
1404 1538 1431 1590 4.

290 1619 408 1688 claruit,
419 1621 455 1676 ut
464 1618 621 1694 praeclaris
636 1617 717 1676 illius
733 1617 853 1677 dotibus
862 1635 929 1693 per·

288 1707 396 1783 apectis
421 1724 555 1765 summus
581 1705 715 1781 pontifex
737 1706 823 1765 illum
839 1706 930 1764 ecclc·
1004 1715 1054 1770 39.
1072 1706 1172 1766 Sixtus
1188 1727 1206 1766 a
1221 1707 1318 1782 patria
1334 1724 1388 1765 sua
1410 1705 1601 1782 cognomina·

289 1797 348 1855 siae
388 1795 529 1872 Gluginae
568 1795 629 1853 sive
667 1795 775 1855 Fossae
813 1795 929 1854 clodiae
957 1801 1007 1854 tus
1024 1795 1218 1866 Senensis,
1241 1794 1356 1872 origine
1381 1800 1444 1854 erat
1466 1794 1601 1854 iudaeus

289 1880 454 1968 (Chioggia)
462 1883 637 1960 praefecerit
646 1884 810 1942 antistitem
820 1893 847 1946 3.
858 1883 929 1942 Jun.
957 1903 986 1943 n.
1003 1905 1027 1948 a
1048 1893 1141 1948 1520.
1160 1885 1322 1961 Amplexus
1337 1887 1437 1942 tamen
1452 1886 1497 1942 est
1511 1883 1600 1942 fidem

292 1982 384 2037 1544.
401 1971 544 2032 interfuit
560 1972 684 2032 concilio
694 1971 868 2044 tridentino,
876 1971 930 2030 ubi
957 1973 1132 2033 catholicam
1162 1975 1194 2032 et
1224 1973 1358 2033 ordinem
1389 1973 1544 2048 ingressus
1577 1991 1600 2032 s.

288 2061 571 2141 graviterinvectus
588 2061 682 2121 estin
697 2062 787 2120 rerba
810 2060 929 2131 decreti,
958 2063 1106 2122 bhaucisci
1131 2061 1248 2138 fuitque
1276 2061 1424 2122 Ambrosii
1449 2061 1601 2120 Catharini

288 2151 398 2228 quihus
429 2151 575 2210 statuitur
607 2150 785 2209 traditiones
817 2151 931 2227 aequali
958 2151 1129 2227 discipulus.
1140 2151 1250 2210 Verum
1258 2151 1294 2210 de
1305 2149 1419 2210 haeresi
1430 2154 1600 2225 suspectus,

287 2241 409 2317 pietatis
425 2243 455 2298 et
471 2240 653 2298 reverentiae
669 2239 779 2299 affectu
799 2257 861 2298 esse
885 2258 930 2297 re·
958 2243 1127 2311 accusatus,
1140 2240 1293 2299 convictus
1316 2240 1463 2315 mortique
1486 2258 1539 2314 per
1554 2239 1602 2316 ig·

289 2329 440 2406 aipiendas
456 2347 489 2388 ac
506 2329 683 2416 Scripturas.
709 2329 786 2387 Hinc
802 2329 866 2401 eius
882 2346 929 2386 or·
957 2349 1025 2390 nem
1041 2332 1089 2389 est
1104 2329 1250 2399 addictus,
1268 2348 1358 2404 quam
1367 2327 1469 2387 subire
1479 2327 1601 2386 debuis-

288 2418 428 2477 thodoria
438 2418 469 2476 in
479 2417 606 2476 dubium
617 2418 786 2488 vocabatur,
798 2435 851 2476 nec
861 2419 929 2500 ante
959 2422 1012 2489 sot,
1029 2418 1087 2478 nisi
1102 2417 1228 2477 Michael
1243 2417 1371 2476 Ghisleri
1394 2412 1511 2498 (postea
1527 2417 1600 2476 Pina

289 2527 376 2582 quam
389 2508 600 2566 asseveranter
615 2524 827 2566 consensurum
842 2505 930 2564 obtu·
960 2505 1005 2589 V.)
1023 2525 1045 2566 s.
1065 2505 1271 2582 inquisitionis
1294 2506 1515 2566 commissarius
1539 2525 1601 2564 non

289 2596 357 2655 lerit
373 2595 499 2664 decreta,
520 2594 600 2670 qnod
616 2596 695 2652 tanti
710 2597 812 2653 coatus
828 2597 929 2652 aucto·
957 2599 1020 2654 tam
1036 2595 1202 2654 rationibus
1219 2613 1307 2670 qnam
1323 2594 1452 2654 lacrimis
1468 2597 1499 2653 et
1514 2613 1600 2654 man·

288 2685 362 2744 ritas
378 2684 605 2760 comprobasset,
622 2683 738 2741 veniam
760 2681 930 2760 obtinuit1).
959 2684 1117 2744 suetudine
1140 2702 1197 2742 sua
1219 2703 1288 2743 euru
1310 2683 1496 2743 dedecuisset
1519 2702 1601 2742 erro·

288 2775 385 2832 Etiam
416 2775 520 2847 postea
550 2771 732 2847 suspiciones
763 2789 867 2848 graves
898 2771 931 2829 in
958 2791 1019 2832 rem
1043 2772 1272 2848 adduxissctque
1296 2773 1333 2831 ad
1358 2773 1442 2832 illius
1458 2773 1600 2848 ejuratio-

288 2862 378 2920 rebus
393 2859 547 2936 religionis
564 2860 600 2918 de
613 2860 667 2919 hoc
677 2859 815 2936 episcopo
827 2877 930 2935 super·
958 2881 1035 2932 nem,
1046 2881 1105 2937 qua
1115 2861 1193 2920 faeta
1202 2861 1280 2920 vitae
1290 2862 1456 2937 promeruit
1464 2862 1600 2938 gratiana

288 2953 446 3012 venerunt.
463 2949 540 3018 ‚Sed
558 2949 600 3007 fas
617 2951 662 3008 est
678 2949 805 3020 credere,
829 2949 931 3008 scribit
959 2950 1059 3009 Sixtns
1075 2953 1177 3009 tamen
1193 2969 1245 3009 san
1255 2951 1334 3010 vitae
1344 2951 1507 3010 taediosae
1517 2950 1602 3008 futu-

289 3037 548 3108 Pallavicino,
574 3038 724 3097 insontem
742 3037 836 3097 fuisse
852 3056 930 3097 com·
959 3059 1008 3098 rae
1024 3039 1141 3115 sibique
1167 3039 1324 3116 superstiti
1346 3039 1532 3099 imminentis
1553 3039 1601 3098 in·

288 3133 416 3204 partum,
441 3131 597 3204 propterea
622 3128 700 3202 quod
723 3131 792 3203 post
814 3126 931 3202 aliquot
958 3129 1064 3188 famiae
1080 3129 1245 3188 interanea
1261 3129 1511 3188 Minorastimore
1534 3147 1603 3204 per·

290 3235 383 3277 annos
400 3216 512 3293 synodo
529 3217 585 3274 sub
595 3215 648 3274 Pio
659 3216 707 3275 IV.
718 3217 859 3276 restituta
870 3235 931 3275 non
959 3219 1070 3288 culeus,
1087 3218 1164 3276 latae
1176 3219 1240 3292 jam
1258 3217 1415 3277 adversm
1439 3235 1470 3275 ae
1495 3217 1602 3292 capitia

291 3307 377 3365 modo
393 3306 445 3364 illa
460 3305 607 3374 interfuit,
625 3306 677 3364 sed
693 3325 710 3363 a
726 3306 832 3382 legatie
850 3304 929 3365 fruc·
959 3307 1123 3366 sententiae
1171 3307 1387 3366 assumtionem
1432 3305 1601 3382 respuebat,

288 3397 373 3455 tuosc
390 3394 527 3454 admotus
545 3395 645 3454 arduis
662 3395 862 3471 gravibusque
879 3413 930 3453 ue·
958 3396 1053 3473 magis
1070 3396 1182 3473 eligens
1199 3397 1290 3455 vitam
1308 3395 1482 3454 commerita
1497 3395 1603 3453 mortis

289 3485 388 3561 gotiis,
414 3485 525 3559 quibus
551 3483 726 3543 admovendi
750 3503 811 3543 non
837 3487 930 3553 erant,
958 3504 1055 3561 poena
1078 3484 1254 3561 praecidere,
1271 3503 1358 3560 quam
1375 3483 1516 3543 infamem
1532 3499 1603 3560 pro-

289 3573 347 3631 nisi
370 3574 422 3647 qni
445 3591 552 3649 magno
575 3573 606 3630 in
628 3572 724 3648 pretio
740 3572 930 3641 haberentur,
959 3573 1065 3632 ducere
1082 3591 1150 3632 cuna
1166 3574 1261 3632 sociis.
1291 3575 1332 3632 At
1348 3572 1516 3632 Ghisleriua
1542 3573 1603 3631 Deo

290 3681 349 3720 non
381 3661 475 3718 solnm
507 3661 544 3720 ob
570 3661 711 3736 pietatem
737 3660 931 3736 studiumque
959 3661 1077 3721 afflante
1103 3681 1157 3721 ceu
1181 3661 1276 3721 futuri
1299 3661 1460 3738 praescius
1485 3661 1604 3720 Sixlnm

289 3749 449 3825 religionis,
467 3749 520 3808 scd
535 3749 572 3806 ob
588 3748 743 3806 consilium
759 3751 790 3806 et
800 3749 930 3824 pruden-

289 3838 393 3897 tiam‘.
410 3837 590 3896 Prodierunt
602 3837 667 3912 ejus
677 3833 797 3918 opera')
808 3839 931 3896 curante
1247 3880 1252 3892 .

959 3919 1050 3972 Adam
1063 3935 1121 3972 nou
1155 3921 1285 3984 eccaaset,
1299 3935 1386 3986 quam
1396 3917 1605 3988 impensissime

960 3988 1092 4044 defendit
1141 3990 1286 4050 uolantua;
1308 3989 1482 4061 D'Argentxe
1507 3992 1606 4045 tamen

289 4059 402 4130 scriptis
427 4061 457 4114 et
480 4059 728 4115 lucubrationibus
748 4059 932 4114 celebratissi-
959 4061 995 4116 de
1007 4060 1148 4130 praedest.
1162 4077 1190 4130 p.
1204 4065 1256 4118 130
1269 4064 1366 4116 monet
1375 4077 1441 4115 enm
1451 4064 1534 4115 cante
1545 4076 1606 4116 esse

290 4149 362 4188 nius.
388 4130 425 4184 Et
436 4146 535 4186 revera
554 4130 663 4185 Merkel
683 4146 711 4198 p.
732 4135 785 4188 275
806 4131 932 4202 piurima
960 4131 1437 4202 legendumcircalibertatemoum
1449 4133 1606 4203 praescien-

290 4202 417 4272 ajusdem
443 4204 579 4268 recenset,
605 4201 675 4270 quin
695 4201 839 4273 significet
862 4221 932 4257 num
961 4203 1002 4257 tia
1015 4201 1067 4258 Dei
1080 4202 1301 4259 conciliandam.
1327 4203 1398 4260 Cum
1417 4219 1482 4258 vero
1502 4205 1532 4257 in
1545 4203 1607 4260 suis

289 4273 400 4328 fixerint
420 4273 505 4328 edita
530 4273 599 4343 Ejus
621 4272 784 4345 explanatio
808 4280 835 4330 in
854 4295 892 4344 ep.
906 4277 932 4332 d.
960 4275 1172 4329 commentariis
1183 4277 1215 4329 in
1228 4275 1328 4346 primis
1341 4275 1477 4346 dogmata
1497 4277 1526 4329 et
1542 4291 1606 4331 con·

288 4349 378 4400 Judoe
391 4344 499 4414 prodiit
513 4344 642 4400 Venetiis
652 4348 729 4402 1576.
745 4343 786 4399 Ea
798 4345 933 4417 graphice
960 4346 1113 4401 troversias
1126 4346 1193 4401 fidei
1206 4348 1251 4402 vel
1265 4346 1376 4402 scholae
1389 4362 1440 4418 pro
1454 4345 1544 4401 oculis
1556 4347 1606 4402 ha·

291 4417 497 4500 haereticorum
510 4415 628 4498 ingenia
641 4415 785 4498 describit.
819 4489 827 4500 .
960 4417 1016 4483 bet,
1036 4416 1078 4470 ita
1098 4417 1133 4471 de
1153 4434 1186 4474 eo
1207 4418 1307 4472 statuit
1330 4417 1436 4485 Simon,
1456 4417 1528 4474 Hist.
1542 4418 1607 4473 crit.

327 4493 347 4630 l
361 4487 933 4641 illiditillitttftfilblt.
961 4487 1229 4641 1111111111
1237 4487 1608 4632 tartessiacis

289 4635 351 4687 202.
376 4631 474 4702 Magni
494 4647 559 4685 eum
581 4631 651 4684 facit
671 4630 874 4685 Thomassruus
898 4631 934 4685 de
962 4633 1102 4695 vementes,
1123 4648 1179 4700 que
1193 4630 1286 4704 parmi
1306 4631 1348 4686 les
1367 4635 1606 4688 commentateurs

290 4701 399 4754 incarn.
413 4701 433 4756 l.
445 4705 470 4758 8.
485 4718 507 4756 ο.
521 4701 647 4766 7.§4;l.
661 4705 687 4757 2.
700 4718 723 4761 ο.
737 4705 762 4766 6,
776 4702 825 4756 ubi
836 4719 934 4757 eorum
962 4703 1002 4756 du
1015 4701 1051 4756 N.
1066 4701 1113 4756 T.“

290 4773 460 4827 sententiam
473 4771 576 4842 rejicit,
596 4772 647 4840 qui
659 4773 780 4826 tuentur
794 4773 879 4828 Verbi
893 4774 934 4826 in·
1002 4776 1019 4842 ¹)
1035 4772 1076 4826 cf.
1090 4771 1181 4844 Epist.
1195 4776 1346 4845 nuncupat
1358 4773 1408 4830 Pio
1422 4775 1456 4828 V.
1468 4775 1607 4846 inscripta

290 4844 484 4899 carnationem
507 4842 593 4897 etiam
619 4843 650 4896 in
673 4842 834 4912 hypothesi,
857 4844 934 4913 quod
961 4842 1097 4900 Biblioth.
1110 4861 1178 4899 auae
1191 4847 1306 4900 sanctae
1319 4845 1451 4917 praefixa.
